<!DOCTYPE html>
<meta charset="utf-8" />
<!-- version 1 -->
<title>[Gen 8] CAP replay: Deck Knight vs. mxmts</title>
<style>
html,body {font-family:Verdana, sans-serif;font-size:10pt;margin:0;padding:0;}body{padding:12px 0;} .battle-log {font-family:Verdana, sans-serif;font-size:10pt;} .battle-log-inline {border:1px solid #AAAAAA;background:#EEF2F5;color:black;max-width:640px;margin:0 auto 80px;padding-bottom:5px;} .battle-log .inner {padding:4px 8px 0px 8px;} .battle-log .inner-preempt {padding:0 8px 4px 8px;} .battle-log .inner-after {margin-top:0.5em;} .battle-log h2 {margin:0.5em -8px;padding:4px 8px;border:1px solid #AAAAAA;background:#E0E7EA;border-left:0;border-right:0;font-family:Verdana, sans-serif;font-size:13pt;} .battle-log .chat {vertical-align:middle;padding:3px 0 3px 0;font-size:8pt;} .battle-log .chat strong {color:#40576A;} .battle-log .chat em {padding:1px 4px 1px 3px;color:#000000;font-style:normal;} .chat.mine {background:rgba(0,0,0,0.05);margin-left:-8px;margin-right:-8px;padding-left:8px;padding-right:8px;} .spoiler {color:#BBBBBB;background:#BBBBBB;padding:0px 3px;} .spoiler:hover, .spoiler:active, .spoiler-shown {color:#000000;background:#E2E2E2;padding:0px 3px;} .spoiler a {color:#BBBBBB;} .spoiler:hover a, .spoiler:active a, .spoiler-shown a {color:#2288CC;} .chat code, .chat .spoiler:hover code, .chat .spoiler:active code, .chat .spoiler-shown code {border:1px solid #C0C0C0;background:#EEEEEE;color:black;padding:0 2px;} .chat .spoiler code {border:1px solid #CCCCCC;background:#CCCCCC;color:#CCCCCC;} .battle-log .rated {padding:3px 4px;} .battle-log .rated strong {color:white;background:#89A;padding:1px 4px;border-radius:4px;} .spacer {margin-top:0.5em;} .message-announce {background:#6688AA;color:white;padding:1px 4px 2px;} .message-announce a, .broadcast-green a, .broadcast-blue a, .broadcast-red a {color:#DDEEFF;} .broadcast-green {background-color:#559955;color:white;padding:2px 4px;} .broadcast-blue {background-color:#6688AA;color:white;padding:2px 4px;} .infobox {border:1px solid #6688AA;padding:2px 4px;} .infobox-limited {max-height:200px;overflow:auto;overflow-x:hidden;} .broadcast-red {background-color:#AA5544;color:white;padding:2px 4px;} .message-learn-canlearn {font-weight:bold;color:#228822;text-decoration:underline;} .message-learn-cannotlearn {font-weight:bold;color:#CC2222;text-decoration:underline;} .message-effect-weak {font-weight:bold;color:#CC2222;} .message-effect-resist {font-weight:bold;color:#6688AA;} .message-effect-immune {font-weight:bold;color:#666666;} .message-learn-list {margin-top:0;margin-bottom:0;} .message-throttle-notice, .message-error {color:#992222;} .message-overflow, .chat small.message-overflow {font-size:0pt;} .message-overflow::before {font-size:9pt;content:'...';} .subtle {color:#3A4A66;}
</style>
<div class="wrapper replay-wrapper" style="max-width:1180px;margin:0 auto">
<input type="hidden" name="replayid" value="unregisteredserver-gen8cap-172" />
<div class="battle"></div><div class="battle-log"></div><div class="replay-controls"></div><div class="replay-controls-2"></div>
<h1 style="font-weight:normal;text-align:center"><strong>[Gen 8] CAP</strong><br /><a href="http://pokemonshowdown.com/users/deckknight" class="subtle" target="_blank">Deck Knight</a> vs. <a href="http://pokemonshowdown.com/users/mxmts" class="subtle" target="_blank">mxmts</a></h1>
<script type="text/plain" class="battle-log-data">|j|☆Deck Knight


|j|☆mxmts


|player|p1|Deck Knight|gambler|


|player|p2|mxmts|ethan|
|teamsize|p1|6
|teamsize|p2|6
|gametype|singles
|gen|8
|tier|[Gen 8] CAP
|clearpoke
|poke|p1|cap27, F|
|poke|p1|Pyroak, F|
|poke|p1|Dracovish|
|poke|p1|Venusaur, F|
|poke|p1|Mew|
|poke|p1|Toxapex, F|
|poke|p2|cap27, F|
|poke|p2|Equilibra|
|poke|p2|Tomohawk, F|
|poke|p2|Clefable, F|
|poke|p2|Hydreigon, F|
|poke|p2|Seismitoad, M|
|rule|Sleep Clause Mod: Limit one foe put to sleep
|rule|Species Clause: Limit one of each Pokémon
|rule|OHKO Clause: OHKO moves are banned
|rule|Evasion Moves Clause: Evasion moves are banned
|rule|Endless Battle Clause: Forcing endless battles is banned
|rule|HP Percentage Mod: HP is shown in percentages
|rule|Dynamax Clause: You cannot dynamax
|teampreview


|c|☆mxmts|gl hf


|c|☆Deck Knight|gl hf


|
|start
|switch|p1a: Apex Redditor|Toxapex, F|304\/304
|switch|p2a: Hydreigon|Hydreigon, F|100\/100
|turn|1


|
|move|p2a: Hydreigon|Thunder Wave|p1a: Apex Redditor
|-status|p1a: Apex Redditor|par
|move|p1a: Apex Redditor|Scald|p2a: Hydreigon
|-resisted|p2a: Hydreigon
|-crit|p2a: Hydreigon
|-damage|p2a: Hydreigon|87\/100
|
|upkeep
|turn|2


|
|switch|p2a: Clefable|Clefable, F|100\/100
|move|p1a: Apex Redditor|Toxic|p2a: Clefable
|-status|p2a: Clefable|tox
|
|upkeep
|turn|3


|
|switch|p1a: Brute Root|Venusaur, F|364\/364
|move|p2a: Clefable|Teleport|p2a: Clefable


|j| Aetherl


|
|switch|p2a: cap27|cap27, F|100\/100|[from]move: Teleport
|
|upkeep
|turn|4


|
|switch|p1a: Jungle Fever|Pyroak, F|442\/442
|move|p2a: cap27|Fire Lash|p1a: Jungle Fever
|-damage|p1a: Jungle Fever|348\/442
|
|-heal|p1a: Jungle Fever|375\/442|[from] item: Leftovers
|upkeep
|turn|5


|
|move|p2a: cap27|Knock Off|p1a: Jungle Fever
|-damage|p1a: Jungle Fever|293\/442
|-enditem|p1a: Jungle Fever|Leftovers|[from] move: Knock Off|[of] p2a: cap27
|move|p1a: Jungle Fever|Leech Seed|p2a: cap27
|-start|p2a: cap27|move: Leech Seed
|
|-damage|p2a: cap27|88\/100|[from] Leech Seed|[of] p1a: Jungle Fever
|-heal|p1a: Jungle Fever|337\/442|[silent]
|upkeep
|turn|6


|
|switch|p2a: Seismitoad|Seismitoad, M|100\/100
|move|p1a: Jungle Fever|Lava Plume|p2a: Seismitoad
|-resisted|p2a: Seismitoad
|-damage|p2a: Seismitoad|86\/100
|
|-heal|p2a: Seismitoad|92\/100|[from] item: Leftovers
|upkeep
|turn|7


|
|switch|p1a: Dee 'N Ayy|Mew|404\/404
|move|p2a: Seismitoad|Stealth Rock|p1a: Dee 'N Ayy
|-sidestart|p1: Deck Knight|move: Stealth Rock
|
|-heal|p2a: Seismitoad|98\/100|[from] item: Leftovers
|upkeep
|turn|8


|
|switch|p2a: Hydreigon|Hydreigon, F|87\/100
|move|p1a: Dee 'N Ayy|Stealth Rock|p2a: Hydreigon
|-sidestart|p2: mxmts|move: Stealth Rock
|
|upkeep
|turn|9


|
|switch|p1a: Apex Redditor|Toxapex, F|304\/304 par
|-damage|p1a: Apex Redditor|266\/304 par|[from] Stealth Rock
|move|p2a: Hydreigon|U-turn|p1a: Apex Redditor
|-resisted|p1a: Apex Redditor
|-damage|p1a: Apex Redditor|249\/304 par


|
|switch|p2a: Equilibra|Equilibra|100\/100|[from]move: U-turn
|-damage|p2a: Equilibra|98\/100|[from] Stealth Rock
|
|-heal|p2a: Equilibra|100\/100|[from] item: Leftovers
|-heal|p1a: Apex Redditor|268\/304 par|[from] item: Black Sludge
|upkeep
|turn|10


|
|switch|p1a: Brute Root|Venusaur, F|364\/364
|-damage|p1a: Brute Root|319\/364|[from] Stealth Rock
|move|p2a: Equilibra|Earth Power|p1a: Brute Root
|-damage|p1a: Brute Root|145\/364
|
|-heal|p1a: Brute Root|167\/364|[from] item: Black Sludge
|upkeep
|turn|11


|
|move|p1a: Brute Root|Sleep Powder|p2a: Equilibra
|-status|p2a: Equilibra|slp|[from] move: Sleep Powder
|cant|p2a: Equilibra|slp
|
|-heal|p1a: Brute Root|189\/364|[from] item: Black Sludge
|upkeep
|turn|12


|
|move|p1a: Brute Root|Giga Drain|p2a: Equilibra
|-damage|p2a: Equilibra|81\/100 slp
|-heal|p1a: Brute Root|230\/364|[from] drain|[of] p2a: Equilibra
|-curestatus|p2a: Equilibra|slp|[msg]
|move|p2a: Equilibra|Earth Power|p1a: Brute Root
|-damage|p1a: Brute Root|58\/364
|
|-heal|p1a: Brute Root|80\/364|[from] item: Black Sludge
|-heal|p2a: Equilibra|87\/100|[from] item: Leftovers
|upkeep
|turn|13


|
|move|p1a: Brute Root|Sleep Powder|p2a: Equilibra
|-status|p2a: Equilibra|slp|[from] move: Sleep Powder
|cant|p2a: Equilibra|slp
|
|-heal|p1a: Brute Root|102\/364|[from] item: Black Sludge
|-heal|p2a: Equilibra|93\/100 slp|[from] item: Leftovers
|upkeep
|turn|14


|
|move|p1a: Brute Root|Giga Drain|p2a: Equilibra
|-damage|p2a: Equilibra|63\/100 slp
|-heal|p1a: Brute Root|164\/364|[from] drain|[of] p2a: Equilibra
|cant|p2a: Equilibra|slp
|
|-heal|p1a: Brute Root|186\/364|[from] item: Black Sludge
|-heal|p2a: Equilibra|69\/100 slp|[from] item: Leftovers
|upkeep
|turn|15


|
|move|p1a: Brute Root|Giga Drain|p2a: Equilibra
|-damage|p2a: Equilibra|49\/100 slp
|-heal|p1a: Brute Root|227\/364|[from] drain|[of] p2a: Equilibra
|-curestatus|p2a: Equilibra|slp|[msg]
|move|p2a: Equilibra|Earth Power|p1a: Brute Root
|-damage|p1a: Brute Root|55\/364
|-unboost|p1a: Brute Root|spd|1
|
|-heal|p1a: Brute Root|77\/364|[from] item: Black Sludge
|-heal|p2a: Equilibra|55\/100|[from] item: Leftovers
|upkeep
|turn|16


|
|move|p1a: Brute Root|Giga Drain|p2a: Equilibra
|-damage|p2a: Equilibra|25\/100
|-heal|p1a: Brute Root|139\/364|[from] drain|[of] p2a: Equilibra
|move|p2a: Equilibra|Earth Power|p1a: Brute Root
|-damage|p1a: Brute Root|0 fnt
|faint|p1a: Brute Root
|
|-heal|p2a: Equilibra|31\/100|[from] item: Leftovers
|upkeep


|
|switch|p1a: Jungle Fever|Pyroak, F|337\/442
|-damage|p1a: Jungle Fever|227\/442|[from] Stealth Rock
|turn|17


|
|switch|p2a: Clefable|Clefable, F|100\/100 tox
|move|p1a: Jungle Fever|Lava Plume|p2a: Clefable
|-crit|p2a: Clefable
|-damage|p2a: Clefable|76\/100 tox
|
|-heal|p2a: Clefable|82\/100 tox|[from] item: Leftovers
|upkeep
|turn|18


|
|switch|p1a: Qi-Gon Djinn|cap27, F|357\/357
|move|p2a: Clefable|Wish|p2a: Clefable
|
|-heal|p2a: Clefable|88\/100 tox|[from] item: Leftovers
|upkeep
|turn|19


|j| pip7


|
|switch|p2a: Seismitoad|Seismitoad, M|98\/100
|-damage|p2a: Seismitoad|92\/100|[from] Stealth Rock
|move|p1a: Qi-Gon Djinn|Rapid Spin|p2a: Seismitoad
|-damage|p2a: Seismitoad|80\/100
|-boost|p1a: Qi-Gon Djinn|spe|1
|-sideend|p1: Deck Knight|Stealth Rock|[from] move: Rapid Spin|[of] p1a: Qi-Gon Djinn
|
|-heal|p2a: Seismitoad|100\/100|[from] move: Wish|[wisher] Clefable
|upkeep
|turn|20


|
|switch|p1a: Dee 'N Ayy|Mew|404\/404
|move|p2a: Seismitoad|Knock Off|p1a: Dee 'N Ayy
|-supereffective|p1a: Dee 'N Ayy
|-damage|p1a: Dee 'N Ayy|304\/404
|-enditem|p1a: Dee 'N Ayy|Lum Berry|[from] move: Knock Off|[of] p2a: Seismitoad
|
|upkeep
|turn|21


|
|move|p1a: Dee 'N Ayy|Psychic|p2a: Seismitoad
|-damage|p2a: Seismitoad|71\/100
|move|p2a: Seismitoad|Stealth Rock|p1a: Dee 'N Ayy
|-sidestart|p1: Deck Knight|move: Stealth Rock
|
|-heal|p2a: Seismitoad|77\/100|[from] item: Leftovers
|upkeep
|turn|22


|
|switch|p2a: Hydreigon|Hydreigon, F|87\/100
|-damage|p2a: Hydreigon|75\/100|[from] Stealth Rock
|move|p1a: Dee 'N Ayy|Psychic|p2a: Hydreigon
|-immune|p2a: Hydreigon
|
|upkeep
|turn|23


|
|switch|p1a: Apex Redditor|Toxapex, F|304\/304 par
|-damage|p1a: Apex Redditor|266\/304 par|[from] Stealth Rock
|move|p2a: Hydreigon|Dark Pulse|p1a: Apex Redditor
|-damage|p1a: Apex Redditor|185\/304 par
|
|-heal|p1a: Apex Redditor|204\/304 par|[from] item: Black Sludge
|upkeep
|turn|24


|
|switch|p2a: Clefable|Clefable, F|88\/100 tox
|switch|p1a: Qi-Gon Djinn|cap27, F|357\/357
|
|-heal|p2a: Clefable|94\/100 tox|[from] item: Leftovers
|upkeep
|turn|25


|
|switch|p2a: Seismitoad|Seismitoad, M|77\/100
|-damage|p2a: Seismitoad|71\/100|[from] Stealth Rock
|move|p1a: Qi-Gon Djinn|Fire Lash|p2a: Seismitoad
|-resisted|p2a: Seismitoad
|-damage|p2a: Seismitoad|58\/100
|-unboost|p2a: Seismitoad|def|1
|
|-heal|p2a: Seismitoad|64\/100|[from] item: Leftovers
|upkeep
|turn|26


|
|switch|p1a: Dee 'N Ayy|Mew|304\/404
|-damage|p1a: Dee 'N Ayy|254\/404|[from] Stealth Rock
|move|p2a: Seismitoad|Toxic|p1a: Dee 'N Ayy
|-status|p1a: Dee 'N Ayy|tox
|-activate|p1a: Dee 'N Ayy|ability: Synchronize
|-status|p2a: Seismitoad|tox
|
|-heal|p2a: Seismitoad|70\/100 tox|[from] item: Leftovers
|-damage|p1a: Dee 'N Ayy|229\/404 tox|[from] psn
|-damage|p2a: Seismitoad|64\/100 tox|[from] psn
|upkeep
|turn|27


|
|switch|p1a: Qi-Gon Djinn|cap27, F|357\/357
|switch|p2a: Clefable|Clefable, F|94\/100 tox
|
|-heal|p2a: Clefable|99\/100 tox|[from] item: Leftovers
|upkeep
|turn|28


|
|switch|p2a: Tomohawk|Tomohawk, F|100\/100
|-damage|p2a: Tomohawk|88\/100|[from] Stealth Rock
|-ability|p2a: Tomohawk|Intimidate|boost
|-unboost|p1a: Qi-Gon Djinn|atk|1
|move|p1a: Qi-Gon Djinn|Fire Lash|p2a: Tomohawk
|-damage|p2a: Tomohawk|67\/100
|-unboost|p2a: Tomohawk|def|1
|
|-heal|p2a: Tomohawk|73\/100|[from] item: Leftovers
|upkeep
|turn|29


|
|move|p1a: Qi-Gon Djinn|Fire Lash|p2a: Tomohawk
|-crit|p2a: Tomohawk
|-damage|p2a: Tomohawk|8\/100
|-unboost|p2a: Tomohawk|def|1
|move|p2a: Tomohawk|Rapid Spin|p1a: Qi-Gon Djinn
|-damage|p1a: Qi-Gon Djinn|334\/357
|-boost|p2a: Tomohawk|spe|1
|-sideend|p2: mxmts|Stealth Rock|[from] move: Rapid Spin|[of] p2a: Tomohawk
|
|-heal|p2a: Tomohawk|14\/100|[from] item: Leftovers
|upkeep
|turn|30


|
|switch|p2a: Hydreigon|Hydreigon, F|75\/100
|move|p1a: Qi-Gon Djinn|Rapid Spin|p2a: Hydreigon
|-damage|p2a: Hydreigon|63\/100
|-boost|p1a: Qi-Gon Djinn|spe|1
|-sideend|p1: Deck Knight|Stealth Rock|[from] move: Rapid Spin|[of] p1a: Qi-Gon Djinn
|
|upkeep
|turn|31


|
|switch|p2a: Clefable|Clefable, F|99\/100 tox
|move|p1a: Qi-Gon Djinn|Dragon Claw|p2a: Clefable
|-immune|p2a: Clefable
|
|-heal|p2a: Clefable|100\/100 tox|[from] item: Leftovers
|upkeep
|turn|32


|
|move|p1a: Qi-Gon Djinn|Fire Lash|p2a: Clefable
|-damage|p2a: Clefable|75\/100 tox
|-unboost|p2a: Clefable|def|1
|move|p2a: Clefable|Wish|p2a: Clefable
|
|-heal|p2a: Clefable|81\/100 tox|[from] item: Leftovers
|upkeep
|turn|33


|
|move|p1a: Qi-Gon Djinn|Fire Lash|p2a: Clefable
|-crit|p2a: Clefable
|-damage|p2a: Clefable|0 fnt
|faint|p2a: Clefable
|
|upkeep


|c|☆Deck Knight|oof


|c| Aetherl|unfort


|
|switch|p2a: Seismitoad|Seismitoad, M|64\/100 tox
|turn|34


|
|switch|p1a: Dee 'N Ayy|Mew|229\/404 tox
|move|p2a: Seismitoad|Earth Power|p1a: Dee 'N Ayy
|-damage|p1a: Dee 'N Ayy|147\/404 tox
|
|-heal|p2a: Seismitoad|70\/100 tox|[from] item: Leftovers
|-damage|p1a: Dee 'N Ayy|122\/404 tox|[from] psn
|-damage|p2a: Seismitoad|64\/100 tox|[from] psn
|upkeep
|turn|35


|c|☆mxmts|yeah, gg


|-message|mxmts forfeited.


|
|win|Deck Knight


|l|☆mxmts
</script>
</div>
<div class="battle-log battle-log-inline"><div class="inner"><div class="battle-options"><div style="padding-top: 3px; padding-right: 3px; text-align: right"><button class="icon button" name="openBattleOptions" title="Options">Battle Options</button></div></div><div class="inner message-log"><div class="chat"><small>☆Deck Knight joined.</small></div><div class="chat"><small>☆mxmts joined.</small></div><div class=""><small>Format:</small> <br><strong>[Gen 8] CAP</strong></div><div class=""><small><em>Sleep Clause Mod:</em> Limit one foe put to sleep</small></div><div class=""><small><em>Species Clause:</em> Limit one of each Pokémon</small></div><div class=""><small><em>OHKO Clause:</em> OHKO moves are banned</small></div><div class=""><small><em>Evasion Moves Clause:</em> Evasion moves are banned</small></div><div class=""><small><em>Endless Battle Clause:</em> Forcing endless battles is banned</small></div><div class=""><small><em>HP Percentage Mod:</em> HP is shown in percentages</small></div><div class=""><small><em>Dynamax Clause:</em> You cannot dynamax</small></div><div class="chat battle-history"><strong>Deck Knight's team:</strong> <em style="color:#445566;display:block;">cap27 / Pyroak / Dracovish / Venusaur / Mew / Toxapex</em></div><div class="chat battle-history"><strong>mxmts's team:</strong> <em style="color:#445566;display:block;">cap27 / Equilibra / Tomohawk / Clefable / Hydreigon / Seismitoad</em></div><div class="chat chatmessage-mxmts"><strong style="color:#757dcc"><small>☆</small><span class="username" data-name="mxmts">mxmts</span>:</strong> <em>gl hf</em></div><div class="chat chatmessage-deckknight mine"><strong style="color:#3e73d0"><small>☆</small><span class="username" data-name="Deck Knight">Deck Knight</span>:</strong> <em>gl hf</em></div><div class="spacer battle-history"><br></div><div class="battle-history">Battle started between Deck Knight and mxmts!<br></div><div class="spacer battle-history"><br></div><div class="battle-history">Go! Apex Redditor (<strong>Toxapex</strong>)!<br></div><div class="spacer battle-history"><br></div><div class="battle-history">mxmts sent out <strong>Hydreigon</strong>!<br></div><div class="spacer battle-history"><br></div><h2 class="battle-history">Turn 1</h2><div class="spacer battle-history"><br></div><div class="battle-history">The opposing Hydreigon used <strong>Thunder Wave</strong>!<br></div><div class="battle-history"><small>Apex Redditor is paralyzed! It may be unable to move!</small><br></div><div class="spacer battle-history"><br></div><div class="battle-history">Apex Redditor used <strong>Scald</strong>!<br></div><div class="battle-history"><small>It's not very effective...</small><br></div><div class="battle-history"><small>A critical hit!</small><br></div><div class="battle-history"><small>(The opposing Hydreigon lost 13% of its health!)</small><br></div><div class="spacer battle-history"><br></div><h2 class="battle-history">Turn 2</h2><div class="spacer battle-history"><br></div><div class="battle-history">mxmts withdrew Hydreigon!<br></div><div class="battle-history">mxmts sent out <strong>Clefable</strong>!<br></div><div class="spacer battle-history"><br></div><div class="battle-history">Apex Redditor used <strong>Toxic</strong>!<br></div><div class="battle-history"><small>The opposing Clefable was badly poisoned!</small><br></div><div class="spacer battle-history"><br></div><h2 class="battle-history">Turn 3</h2><div class="spacer battle-history"><br></div><div class="battle-history">Apex Redditor, come back!<br></div><div class="battle-history">Go! Brute Root (<strong>Venusaur</strong>)!<br></div><div class="spacer battle-history"><br></div><div class="battle-history">The opposing Clefable used <strong>Teleport</strong>!<br></div><div class="chat"><small> Aetherl joined.</small></div><div class="spacer battle-history"><br></div><div class="battle-history">mxmts withdrew Clefable!<br></div><div class="battle-history">mxmts sent out <strong>cap27</strong>!<br></div><div class="spacer battle-history"><br></div><h2 class="battle-history">Turn 4</h2><div class="spacer battle-history"><br></div><div class="battle-history">Brute Root, come back!<br></div><div class="battle-history">Go! Jungle Fever (<strong>Pyroak</strong>)!<br></div><div class="spacer battle-history"><br></div><div class="battle-history">The opposing cap27 used <strong>Fire Lash</strong>!<br></div><div class="battle-history"><small>(Jungle Fever lost <abbr title="−94/442">21.3%</abbr> of its health!)</small><br></div><div class="spacer battle-history"><br></div><div class="battle-history"><small>Jungle Fever restored a little HP using its Leftovers!</small><br></div><div class="spacer battle-history"><br></div><h2 class="battle-history">Turn 5</h2><div class="spacer battle-history"><br></div><div class="battle-history">The opposing cap27 used <strong>Knock Off</strong>!<br></div><div class="battle-history"><small>(Jungle Fever lost <abbr title="−82/442">18.6%</abbr> of its health!)</small><br></div><div class="battle-history"><small>The opposing cap27 knocked off Jungle Fever's Leftovers!</small><br></div><div class="spacer battle-history"><br></div><div class="battle-history">Jungle Fever used <strong>Leech Seed</strong>!<br></div><div class="battle-history"><small>The opposing cap27 was seeded!</small><br></div><div class="spacer battle-history"><br></div><div class="battle-history"><small>The opposing cap27's health is sapped by Leech Seed!</small><br></div><div class="spacer battle-history"><br></div><h2 class="battle-history">Turn 6</h2><div class="spacer battle-history"><br></div><div class="battle-history">mxmts withdrew cap27!<br></div><div class="battle-history">mxmts sent out <strong>Seismitoad</strong>!<br></div><div class="spacer battle-history"><br></div><div class="battle-history">Jungle Fever used <strong>Lava Plume</strong>!<br></div><div class="battle-history"><small>It's not very effective...</small><br></div><div class="battle-history"><small>(The opposing Seismitoad lost 14% of its health!)</small><br></div><div class="spacer battle-history"><br></div><div class="battle-history"><small>The opposing Seismitoad restored a little HP using its Leftovers!</small><br></div><div class="spacer battle-history"><br></div><h2 class="battle-history">Turn 7</h2><div class="spacer battle-history"><br></div><div class="battle-history">Jungle Fever, come back!<br></div><div class="battle-history">Go! Dee 'N Ayy (<strong>Mew</strong>)!<br></div><div class="spacer battle-history"><br></div><div class="battle-history">The opposing Seismitoad used <strong>Stealth Rock</strong>!<br></div><div class="battle-history"><small>Pointed stones float in the air around your team!</small><br></div><div class="spacer battle-history"><br></div><div class="battle-history"><small>The opposing Seismitoad restored a little HP using its Leftovers!</small><br></div><div class="spacer battle-history"><br></div><h2 class="battle-history">Turn 8</h2><div class="spacer battle-history"><br></div><div class="battle-history">mxmts withdrew Seismitoad!<br></div><div class="battle-history">mxmts sent out <strong>Hydreigon</strong>!<br></div><div class="spacer battle-history"><br></div><div class="battle-history">Dee 'N Ayy used <strong>Stealth Rock</strong>!<br></div><div class="battle-history"><small>Pointed stones float in the air around the opposing team!</small><br></div><div class="spacer battle-history"><br></div><h2 class="battle-history">Turn 9</h2><div class="spacer battle-history"><br></div><div class="battle-history">Dee 'N Ayy, come back!<br></div><div class="battle-history">Go! Apex Redditor (<strong>Toxapex</strong>)!<br></div><div class="battle-history"><small>Pointed stones dug into Apex Redditor!</small><br></div><div class="spacer battle-history"><br></div><div class="battle-history">The opposing Hydreigon used <strong>U-turn</strong>!<br></div><div class="battle-history"><small>It's not very effective...</small><br></div><div class="battle-history"><small>(Apex Redditor lost <abbr title="−17/304">5.6%</abbr> of its health!)</small><br></div><div class="spacer battle-history"><br></div><div class="battle-history">The opposing Hydreigon went back to mxmts!<br></div><div class="battle-history">mxmts sent out <strong>Equilibra</strong>!<br></div><div class="battle-history"><small>Pointed stones dug into the opposing Equilibra!</small><br></div><div class="spacer battle-history"><br></div><div class="battle-history"><small>The opposing Equilibra restored a little HP using its Leftovers!</small><br></div><div class="battle-history"><small>Apex Redditor restored a little HP using its Black Sludge!</small><br></div><div class="spacer battle-history"><br></div><h2 class="battle-history">Turn 10</h2><div class="spacer battle-history"><br></div><div class="battle-history">Apex Redditor, come back!<br></div><div class="battle-history">Go! Brute Root (<strong>Venusaur</strong>)!<br></div><div class="battle-history"><small>Pointed stones dug into Brute Root!</small><br></div><div class="spacer battle-history"><br></div><div class="battle-history">The opposing Equilibra used <strong>Earth Power</strong>!<br></div><div class="battle-history"><small>(Brute Root lost <abbr title="−174/364">47.8%</abbr> of its health!)</small><br></div><div class="spacer battle-history"><br></div><div class="battle-history"><small>Brute Root restored a little HP using its Black Sludge!</small><br></div><div class="spacer battle-history"><br></div><h2 class="battle-history">Turn 11</h2><div class="spacer battle-history"><br></div><div class="battle-history">Brute Root used <strong>Sleep Powder</strong>!<br></div><div class="battle-history"><small>The opposing Equilibra fell asleep!</small><br></div><div class="spacer battle-history"><br></div><div class="battle-history">The opposing Equilibra is fast asleep.<br></div><div class="spacer battle-history"><br></div><div class="battle-history"><small>Brute Root restored a little HP using its Black Sludge!</small><br></div><div class="spacer battle-history"><br></div><h2 class="battle-history">Turn 12</h2><div class="spacer battle-history"><br></div><div class="battle-history">Brute Root used <strong>Giga Drain</strong>!<br></div><div class="battle-history"><small>(The opposing Equilibra lost 19% of its health!)</small><br></div><div class="battle-history"><small>The opposing Equilibra had its energy drained!</small><br></div><div class="battle-history"><small>The opposing Equilibra woke up!</small><br></div><div class="spacer battle-history"><br></div><div class="battle-history">The opposing Equilibra used <strong>Earth Power</strong>!<br></div><div class="battle-history"><small>(Brute Root lost <abbr title="−172/364">47.3%</abbr> of its health!)</small><br></div><div class="spacer battle-history"><br></div><div class="battle-history"><small>Brute Root restored a little HP using its Black Sludge!</small><br></div><div class="battle-history"><small>The opposing Equilibra restored a little HP using its Leftovers!</small><br></div><div class="spacer battle-history"><br></div><h2 class="battle-history">Turn 13</h2><div class="spacer battle-history"><br></div><div class="battle-history">Brute Root used <strong>Sleep Powder</strong>!<br></div><div class="battle-history"><small>The opposing Equilibra fell asleep!</small><br></div><div class="spacer battle-history"><br></div><div class="battle-history">The opposing Equilibra is fast asleep.<br></div><div class="spacer battle-history"><br></div><div class="battle-history"><small>Brute Root restored a little HP using its Black Sludge!</small><br></div><div class="battle-history"><small>The opposing Equilibra restored a little HP using its Leftovers!</small><br></div><div class="spacer battle-history"><br></div><h2 class="battle-history">Turn 14</h2><div class="spacer battle-history"><br></div><div class="battle-history">Brute Root used <strong>Giga Drain</strong>!<br></div><div class="battle-history"><small>(The opposing Equilibra lost 30% of its health!)</small><br></div><div class="battle-history"><small>The opposing Equilibra had its energy drained!</small><br></div><div class="spacer battle-history"><br></div><div class="battle-history">The opposing Equilibra is fast asleep.<br></div><div class="spacer battle-history"><br></div><div class="battle-history"><small>Brute Root restored a little HP using its Black Sludge!</small><br></div><div class="battle-history"><small>The opposing Equilibra restored a little HP using its Leftovers!</small><br></div><div class="spacer battle-history"><br></div><h2 class="battle-history">Turn 15</h2><div class="spacer battle-history"><br></div><div class="battle-history">Brute Root used <strong>Giga Drain</strong>!<br></div><div class="battle-history"><small>(The opposing Equilibra lost 20% of its health!)</small><br></div><div class="battle-history"><small>The opposing Equilibra had its energy drained!</small><br></div><div class="battle-history"><small>The opposing Equilibra woke up!</small><br></div><div class="spacer battle-history"><br></div><div class="battle-history">The opposing Equilibra used <strong>Earth Power</strong>!<br></div><div class="battle-history"><small>(Brute Root lost <abbr title="−172/364">47.3%</abbr> of its health!)</small><br></div><div class="battle-history"><small>Brute Root's Sp. Def fell!</small><br></div><div class="spacer battle-history"><br></div><div class="battle-history"><small>Brute Root restored a little HP using its Black Sludge!</small><br></div><div class="battle-history"><small>The opposing Equilibra restored a little HP using its Leftovers!</small><br></div><div class="spacer battle-history"><br></div><h2 class="battle-history">Turn 16</h2><div class="spacer battle-history"><br></div><div class="battle-history">Brute Root used <strong>Giga Drain</strong>!<br></div><div class="battle-history"><small>(The opposing Equilibra lost 30% of its health!)</small><br></div><div class="battle-history"><small>The opposing Equilibra had its energy drained!</small><br></div><div class="spacer battle-history"><br></div><div class="battle-history">The opposing Equilibra used <strong>Earth Power</strong>!<br></div><div class="battle-history"><small>(Brute Root lost <abbr title="−139/364">38.2%</abbr> of its health!)</small><br></div><div class="spacer battle-history"><br></div><div class="battle-history">Brute Root fainted!<br></div><div class="spacer battle-history"><br></div><div class="battle-history"><small>The opposing Equilibra restored a little HP using its Leftovers!</small><br></div><div class="spacer battle-history"><br></div><div class="battle-history">Go! Jungle Fever (<strong>Pyroak</strong>)!<br></div><div class="battle-history"><small>Pointed stones dug into Jungle Fever!</small><br></div><div class="spacer battle-history"><br></div><h2 class="battle-history">Turn 17</h2><div class="spacer battle-history"><br></div><div class="battle-history">mxmts withdrew Equilibra!<br></div><div class="battle-history">mxmts sent out <strong>Clefable</strong>!<br></div><div class="spacer battle-history"><br></div><div class="battle-history">Jungle Fever used <strong>Lava Plume</strong>!<br></div><div class="battle-history"><small>A critical hit!</small><br></div><div class="battle-history"><small>(The opposing Clefable lost 24% of its health!)</small><br></div><div class="spacer battle-history"><br></div><div class="battle-history"><small>The opposing Clefable restored a little HP using its Leftovers!</small><br></div><div class="spacer battle-history"><br></div><h2 class="battle-history">Turn 18</h2><div class="spacer battle-history"><br></div><div class="battle-history">Jungle Fever, come back!<br></div><div class="battle-history">Go! Qi-Gon Djinn (<strong>cap27</strong>)!<br></div><div class="spacer battle-history"><br></div><div class="battle-history">The opposing Clefable used <strong>Wish</strong>!<br></div><div class="spacer battle-history"><br></div><div class="battle-history"><small>The opposing Clefable restored a little HP using its Leftovers!</small><br></div><div class="spacer battle-history"><br></div><h2 class="battle-history">Turn 19</h2><div class="chat"><small> pip7 joined.</small></div><div class="spacer battle-history"><br></div><div class="battle-history">mxmts withdrew Clefable!<br></div><div class="battle-history">mxmts sent out <strong>Seismitoad</strong>!<br></div><div class="battle-history"><small>Pointed stones dug into the opposing Seismitoad!</small><br></div><div class="spacer battle-history"><br></div><div class="battle-history">Qi-Gon Djinn used <strong>Rapid Spin</strong>!<br></div><div class="battle-history"><small>(The opposing Seismitoad lost 12% of its health!)</small><br></div><div class="battle-history"><small>Qi-Gon Djinn's Speed rose!</small><br></div><div class="battle-history"><small>The pointed stones disappeared from around your team!</small><br></div><div class="spacer battle-history"><br></div><div class="battle-history"><small>Clefable's wish came true!</small><br></div><div class="spacer battle-history"><br></div><h2 class="battle-history">Turn 20</h2><div class="spacer battle-history"><br></div><div class="battle-history">Qi-Gon Djinn, come back!<br></div><div class="battle-history">Go! Dee 'N Ayy (<strong>Mew</strong>)!<br></div><div class="spacer battle-history"><br></div><div class="battle-history">The opposing Seismitoad used <strong>Knock Off</strong>!<br></div><div class="battle-history"><small>It's super effective!</small><br></div><div class="battle-history"><small>(Dee 'N Ayy lost <abbr title="−100/404">24.8%</abbr> of its health!)</small><br></div><div class="battle-history"><small>The opposing Seismitoad knocked off Dee 'N Ayy's Lum Berry!</small><br></div><div class="spacer battle-history"><br></div><h2 class="battle-history">Turn 21</h2><div class="spacer battle-history"><br></div><div class="battle-history">Dee 'N Ayy used <strong>Psychic</strong>!<br></div><div class="battle-history"><small>(The opposing Seismitoad lost 29% of its health!)</small><br></div><div class="spacer battle-history"><br></div><div class="battle-history">The opposing Seismitoad used <strong>Stealth Rock</strong>!<br></div><div class="battle-history"><small>Pointed stones float in the air around your team!</small><br></div><div class="spacer battle-history"><br></div><div class="battle-history"><small>The opposing Seismitoad restored a little HP using its Leftovers!</small><br></div><div class="spacer battle-history"><br></div><h2 class="battle-history">Turn 22</h2><div class="spacer battle-history"><br></div><div class="battle-history">mxmts withdrew Seismitoad!<br></div><div class="battle-history">mxmts sent out <strong>Hydreigon</strong>!<br></div><div class="battle-history"><small>Pointed stones dug into the opposing Hydreigon!</small><br></div><div class="spacer battle-history"><br></div><div class="battle-history">Dee 'N Ayy used <strong>Psychic</strong>!<br></div><div class="battle-history"><small>It doesn't affect the opposing Hydreigon...</small><br></div><div class="spacer battle-history"><br></div><h2 class="battle-history">Turn 23</h2><div class="spacer battle-history"><br></div><div class="battle-history">Dee 'N Ayy, come back!<br></div><div class="battle-history">Go! Apex Redditor (<strong>Toxapex</strong>)!<br></div><div class="battle-history"><small>Pointed stones dug into Apex Redditor!</small><br></div><div class="spacer battle-history"><br></div><div class="battle-history">The opposing Hydreigon used <strong>Dark Pulse</strong>!<br></div><div class="battle-history"><small>(Apex Redditor lost <abbr title="−81/304">26.6%</abbr> of its health!)</small><br></div><div class="spacer battle-history"><br></div><div class="battle-history"><small>Apex Redditor restored a little HP using its Black Sludge!</small><br></div><div class="spacer battle-history"><br></div><h2 class="battle-history">Turn 24</h2><div class="spacer battle-history"><br></div><div class="battle-history">mxmts withdrew Hydreigon!<br></div><div class="battle-history">mxmts sent out <strong>Clefable</strong>!<br></div><div class="spacer battle-history"><br></div><div class="battle-history">Apex Redditor, come back!<br></div><div class="battle-history">Go! Qi-Gon Djinn (<strong>cap27</strong>)!<br></div><div class="spacer battle-history"><br></div><div class="battle-history"><small>The opposing Clefable restored a little HP using its Leftovers!</small><br></div><div class="spacer battle-history"><br></div><h2 class="battle-history">Turn 25</h2><div class="spacer battle-history"><br></div><div class="battle-history">mxmts withdrew Clefable!<br></div><div class="battle-history">mxmts sent out <strong>Seismitoad</strong>!<br></div><div class="battle-history"><small>Pointed stones dug into the opposing Seismitoad!</small><br></div><div class="spacer battle-history"><br></div><div class="battle-history">Qi-Gon Djinn used <strong>Fire Lash</strong>!<br></div><div class="battle-history"><small>It's not very effective...</small><br></div><div class="battle-history"><small>(The opposing Seismitoad lost 13% of its health!)</small><br></div><div class="battle-history"><small>The opposing Seismitoad's Defense fell!</small><br></div><div class="spacer battle-history"><br></div><div class="battle-history"><small>The opposing Seismitoad restored a little HP using its Leftovers!</small><br></div><div class="spacer battle-history"><br></div><h2 class="battle-history">Turn 26</h2><div class="spacer battle-history"><br></div><div class="battle-history">Qi-Gon Djinn, come back!<br></div><div class="battle-history">Go! Dee 'N Ayy (<strong>Mew</strong>)!<br></div><div class="battle-history"><small>Pointed stones dug into Dee 'N Ayy!</small><br></div><div class="spacer battle-history"><br></div><div class="battle-history">The opposing Seismitoad used <strong>Toxic</strong>!<br></div><div class="battle-history"><small>Dee 'N Ayy was badly poisoned!</small><br></div><div class="battle-history">[Dee 'N Ayy's Synchronize]<br></div><div class="battle-history"><small>The opposing Seismitoad was badly poisoned!</small><br></div><div class="spacer battle-history"><br></div><div class="battle-history"><small>The opposing Seismitoad restored a little HP using its Leftovers!</small><br></div><div class="battle-history"><small>Dee 'N Ayy was hurt by poison!</small><br></div><div class="battle-history"><small>The opposing Seismitoad was hurt by poison!</small><br></div><div class="spacer battle-history"><br></div><h2 class="battle-history">Turn 27</h2><div class="spacer battle-history"><br></div><div class="battle-history">Dee 'N Ayy, come back!<br></div><div class="battle-history">Go! Qi-Gon Djinn (<strong>cap27</strong>)!<br></div><div class="spacer battle-history"><br></div><div class="battle-history">mxmts withdrew Seismitoad!<br></div><div class="battle-history">mxmts sent out <strong>Clefable</strong>!<br></div><div class="spacer battle-history"><br></div><div class="battle-history"><small>The opposing Clefable restored a little HP using its Leftovers!</small><br></div><div class="spacer battle-history"><br></div><h2 class="battle-history">Turn 28</h2><div class="spacer battle-history"><br></div><div class="battle-history">mxmts withdrew Clefable!<br></div><div class="battle-history">mxmts sent out <strong>Tomohawk</strong>!<br></div><div class="battle-history"><small>Pointed stones dug into the opposing Tomohawk!</small><br></div><div class="battle-history">[The opposing Tomohawk's Intimidate]<br></div><div class="battle-history"><small>Qi-Gon Djinn's Attack fell!</small><br></div><div class="spacer battle-history"><br></div><div class="battle-history">Qi-Gon Djinn used <strong>Fire Lash</strong>!<br></div><div class="battle-history"><small>(The opposing Tomohawk lost 21% of its health!)</small><br></div><div class="battle-history"><small>The opposing Tomohawk's Defense fell!</small><br></div><div class="spacer battle-history"><br></div><div class="battle-history"><small>The opposing Tomohawk restored a little HP using its Leftovers!</small><br></div><div class="spacer battle-history"><br></div><h2 class="battle-history">Turn 29</h2><div class="spacer battle-history"><br></div><div class="battle-history">Qi-Gon Djinn used <strong>Fire Lash</strong>!<br></div><div class="battle-history"><small>A critical hit!</small><br></div><div class="battle-history"><small>(The opposing Tomohawk lost 65% of its health!)</small><br></div><div class="battle-history"><small>The opposing Tomohawk's Defense fell!</small><br></div><div class="spacer battle-history"><br></div><div class="battle-history">The opposing Tomohawk used <strong>Rapid Spin</strong>!<br></div><div class="battle-history"><small>(Qi-Gon Djinn lost <abbr title="−23/357">6.4%</abbr> of its health!)</small><br></div><div class="battle-history"><small>The opposing Tomohawk's Speed rose!</small><br></div><div class="battle-history"><small>The pointed stones disappeared from around the opposing team!</small><br></div><div class="spacer battle-history"><br></div><div class="battle-history"><small>The opposing Tomohawk restored a little HP using its Leftovers!</small><br></div><div class="spacer battle-history"><br></div><h2 class="battle-history">Turn 30</h2><div class="spacer battle-history"><br></div><div class="battle-history">mxmts withdrew Tomohawk!<br></div><div class="battle-history">mxmts sent out <strong>Hydreigon</strong>!<br></div><div class="spacer battle-history"><br></div><div class="battle-history">Qi-Gon Djinn used <strong>Rapid Spin</strong>!<br></div><div class="battle-history"><small>(The opposing Hydreigon lost 12% of its health!)</small><br></div><div class="battle-history"><small>Qi-Gon Djinn's Speed rose!</small><br></div><div class="battle-history"><small>The pointed stones disappeared from around your team!</small><br></div><div class="spacer battle-history"><br></div><h2 class="battle-history">Turn 31</h2><div class="spacer battle-history"><br></div><div class="battle-history">mxmts withdrew Hydreigon!<br></div><div class="battle-history">mxmts sent out <strong>Clefable</strong>!<br></div><div class="spacer battle-history"><br></div><div class="battle-history">Qi-Gon Djinn used <strong>Dragon Claw</strong>!<br></div><div class="battle-history"><small>It doesn't affect the opposing Clefable...</small><br></div><div class="spacer battle-history"><br></div><div class="battle-history"><small>The opposing Clefable restored a little HP using its Leftovers!</small><br></div><div class="spacer battle-history"><br></div><h2 class="battle-history">Turn 32</h2><div class="spacer battle-history"><br></div><div class="battle-history">Qi-Gon Djinn used <strong>Fire Lash</strong>!<br></div><div class="battle-history"><small>(The opposing Clefable lost 25% of its health!)</small><br></div><div class="battle-history"><small>The opposing Clefable's Defense fell!</small><br></div><div class="spacer battle-history"><br></div><div class="battle-history">The opposing Clefable used <strong>Wish</strong>!<br></div><div class="spacer battle-history"><br></div><div class="battle-history"><small>The opposing Clefable restored a little HP using its Leftovers!</small><br></div><div class="spacer battle-history"><br></div><h2 class="battle-history">Turn 33</h2><div class="spacer battle-history"><br></div><div class="battle-history">Qi-Gon Djinn used <strong>Fire Lash</strong>!<br></div><div class="battle-history"><small>A critical hit!</small><br></div><div class="battle-history"><small>(The opposing Clefable lost 81% of its health!)</small><br></div><div class="spacer battle-history"><br></div><div class="battle-history">The opposing Clefable fainted!<br></div><div class="chat chatmessage-deckknight mine"><strong style="color:#3e73d0"><small>☆</small><span class="username" data-name="Deck Knight">Deck Knight</span>:</strong> <em>oof</em></div><div class="chat chatmessage-aetherl"><strong style="color:#2b829d"><small> </small><span class="username" data-name="Aetherl">Aetherl</span>:</strong> <em>unfort</em></div><div class="spacer battle-history"><br></div><div class="battle-history">mxmts sent out <strong>Seismitoad</strong>!<br></div><div class="spacer battle-history"><br></div><h2 class="battle-history">Turn 34</h2><div class="spacer battle-history"><br></div><div class="battle-history">Qi-Gon Djinn, come back!<br></div><div class="battle-history">Go! Dee 'N Ayy (<strong>Mew</strong>)!<br></div><div class="spacer battle-history"><br></div><div class="battle-history">The opposing Seismitoad used <strong>Earth Power</strong>!<br></div><div class="battle-history"><small>(Dee 'N Ayy lost <abbr title="−82/404">20.3%</abbr> of its health!)</small><br></div><div class="spacer battle-history"><br></div><div class="battle-history"><small>The opposing Seismitoad restored a little HP using its Leftovers!</small><br></div><div class="battle-history"><small>Dee 'N Ayy was hurt by poison!</small><br></div><div class="battle-history"><small>The opposing Seismitoad was hurt by poison!</small><br></div><div class="spacer battle-history"><br></div><h2 class="battle-history">Turn 35</h2><div class="chat chatmessage-mxmts"><strong style="color:#757dcc"><small>☆</small><span class="username" data-name="mxmts">mxmts</span>:</strong> <em>yeah, gg</em></div><div class="spacer battle-history"><br></div><div class="battle-history"><small>mxmts forfeited.</small><br></div><div class="spacer battle-history"><br></div><div class="battle-history"><strong>Deck Knight</strong> won the battle!<br></div><div class="chat"><small>☆mxmts left.</small></div></div><div class="inner-preempt message-log"></div></div></div>
</div>
<script>
let daily = Math.floor(Date.now()/1000/60/60/24);document.write('<script src="https://play.pokemonshowdown.com/js/replay-embed.js?version'+daily+'"></'+'script>');
</script>
