<!DOCTYPE html>
<meta charset="utf-8" />
<!-- version 1 -->
<title>[Gen 8] CAP replay: Deck Knight vs. Aetherl</title>
<style>
html,body {font-family:Verdana, sans-serif;font-size:10pt;margin:0;padding:0;}body{padding:12px 0;} .battle-log {font-family:Verdana, sans-serif;font-size:10pt;} .battle-log-inline {border:1px solid #AAAAAA;background:#EEF2F5;color:black;max-width:640px;margin:0 auto 80px;padding-bottom:5px;} .battle-log .inner {padding:4px 8px 0px 8px;} .battle-log .inner-preempt {padding:0 8px 4px 8px;} .battle-log .inner-after {margin-top:0.5em;} .battle-log h2 {margin:0.5em -8px;padding:4px 8px;border:1px solid #AAAAAA;background:#E0E7EA;border-left:0;border-right:0;font-family:Verdana, sans-serif;font-size:13pt;} .battle-log .chat {vertical-align:middle;padding:3px 0 3px 0;font-size:8pt;} .battle-log .chat strong {color:#40576A;} .battle-log .chat em {padding:1px 4px 1px 3px;color:#000000;font-style:normal;} .chat.mine {background:rgba(0,0,0,0.05);margin-left:-8px;margin-right:-8px;padding-left:8px;padding-right:8px;} .spoiler {color:#BBBBBB;background:#BBBBBB;padding:0px 3px;} .spoiler:hover, .spoiler:active, .spoiler-shown {color:#000000;background:#E2E2E2;padding:0px 3px;} .spoiler a {color:#BBBBBB;} .spoiler:hover a, .spoiler:active a, .spoiler-shown a {color:#2288CC;} .chat code, .chat .spoiler:hover code, .chat .spoiler:active code, .chat .spoiler-shown code {border:1px solid #C0C0C0;background:#EEEEEE;color:black;padding:0 2px;} .chat .spoiler code {border:1px solid #CCCCCC;background:#CCCCCC;color:#CCCCCC;} .battle-log .rated {padding:3px 4px;} .battle-log .rated strong {color:white;background:#89A;padding:1px 4px;border-radius:4px;} .spacer {margin-top:0.5em;} .message-announce {background:#6688AA;color:white;padding:1px 4px 2px;} .message-announce a, .broadcast-green a, .broadcast-blue a, .broadcast-red a {color:#DDEEFF;} .broadcast-green {background-color:#559955;color:white;padding:2px 4px;} .broadcast-blue {background-color:#6688AA;color:white;padding:2px 4px;} .infobox {border:1px solid #6688AA;padding:2px 4px;} .infobox-limited {max-height:200px;overflow:auto;overflow-x:hidden;} .broadcast-red {background-color:#AA5544;color:white;padding:2px 4px;} .message-learn-canlearn {font-weight:bold;color:#228822;text-decoration:underline;} .message-learn-cannotlearn {font-weight:bold;color:#CC2222;text-decoration:underline;} .message-effect-weak {font-weight:bold;color:#CC2222;} .message-effect-resist {font-weight:bold;color:#6688AA;} .message-effect-immune {font-weight:bold;color:#666666;} .message-learn-list {margin-top:0;margin-bottom:0;} .message-throttle-notice, .message-error {color:#992222;} .message-overflow, .chat small.message-overflow {font-size:0pt;} .message-overflow::before {font-size:9pt;content:'...';} .subtle {color:#3A4A66;}
</style>
<div class="wrapper replay-wrapper" style="max-width:1180px;margin:0 auto">
<input type="hidden" name="replayid" value="captest-gen8cap-272" />
<div class="battle"></div><div class="battle-log"></div><div class="replay-controls"></div><div class="replay-controls-2"></div>
<h1 style="font-weight:normal;text-align:center"><strong>[Gen 8] CAP</strong><br /><a href="http://pokemonshowdown.com/users/deckknight" class="subtle" target="_blank">Deck Knight</a> vs. <a href="http://pokemonshowdown.com/users/aetherl" class="subtle" target="_blank">Aetherl</a></h1>
<script type="text/plain" class="battle-log-data">|j|☆Deck Knight


|j|☆Aetherl


|player|p1|Deck Knight|gambler|


|player|p2|Aetherl|ash-kalos|
|teamsize|p1|6
|teamsize|p2|6
|gametype|singles
|gen|8
|tier|[Gen 8] CAP
|clearpoke
|poke|p1|cap27, F|
|poke|p1|Ferrothorn, M|
|poke|p1|Weezing-Galar, M|
|poke|p1|Rotom-Heat|
|poke|p1|Arghonaut, M|
|poke|p1|Clefable, M|
|poke|p2|cap27, F|
|poke|p2|Hippowdon, M|
|poke|p2|Clefable, M|
|poke|p2|Dragapult, M|
|poke|p2|Krilowatt, M|
|poke|p2|Excadrill, M|
|rule|Sleep Clause Mod: Limit one foe put to sleep
|rule|Species Clause: Limit one of each Pokémon
|rule|OHKO Clause: OHKO moves are banned
|rule|Evasion Moves Clause: Evasion moves are banned
|rule|Endless Battle Clause: Forcing endless battles is banned
|rule|HP Percentage Mod: HP is shown in percentages
|rule|Dynamax Clause: You cannot dynamax
|teampreview


|c|☆Aetherl|glhf!


|c|☆Deck Knight|glhf!


|
|start
|switch|p1a: Jack Sparrow|Arghonaut, M|414\/414
|switch|p2a: Dragapult|Dragapult, M|100\/100
|turn|1


|
|move|p2a: Dragapult|U-turn|p1a: Jack Sparrow
|-resisted|p1a: Jack Sparrow
|-damage|p1a: Jack Sparrow|389\/414


|
|switch|p2a: Clefable|Clefable, M|100\/100|[from]move: U-turn
|move|p1a: Jack Sparrow|Knock Off|p2a: Clefable
|-resisted|p2a: Clefable
|-damage|p2a: Clefable|88\/100
|-enditem|p2a: Clefable|Leftovers|[from] move: Knock Off|[of] p1a: Jack Sparrow
|
|-heal|p1a: Jack Sparrow|414\/414|[from] item: Leftovers
|upkeep
|turn|2


|
|switch|p1a: Topham Hat|Weezing-Galar, M|334\/334
|-ability|p1a: Topham Hat|Neutralizing Gas
|move|p2a: Clefable|Teleport|p2a: Clefable


|
|switch|p2a: Hippowdon|Hippowdon, M|100\/100|[from]move: Teleport
|
|upkeep
|turn|3


|
|-weather|Sandstorm|[from] ability: Sand Stream|[of] p2a: Hippowdon
|switch|p1a: Jack Sparrow|Arghonaut, M|414\/414
|move|p2a: Hippowdon|Stealth Rock|p1a: Jack Sparrow
|-sidestart|p1: Deck Knight|move: Stealth Rock
|
|-weather|Sandstorm|[upkeep]
|-damage|p1a: Jack Sparrow|389\/414|[from] Sandstorm
|-heal|p1a: Jack Sparrow|414\/414|[from] item: Leftovers
|upkeep
|turn|4


|
|switch|p2a: Clefable|Clefable, M|88\/100
|move|p1a: Jack Sparrow|Spikes|p2a: Clefable
|-sidestart|p2: Aetherl|Spikes
|
|-weather|Sandstorm|[upkeep]
|-damage|p1a: Jack Sparrow|389\/414|[from] Sandstorm
|-heal|p1a: Jack Sparrow|414\/414|[from] item: Leftovers
|upkeep
|turn|5


|
|switch|p1a: Spikemuth|Ferrothorn, M|352\/352
|-damage|p1a: Spikemuth|330\/352|[from] Stealth Rock
|move|p2a: Clefable|Teleport|p2a: Clefable


|
|switch|p2a: cap27|cap27, F|100\/100|[from]move: Teleport
|
|-weather|Sandstorm|[upkeep]
|-damage|p2a: cap27|94\/100|[from] Sandstorm
|-heal|p1a: Spikemuth|352\/352|[from] item: Leftovers
|upkeep
|turn|6


|
|move|p1a: Spikemuth|Protect|p1a: Spikemuth
|-singleturn|p1a: Spikemuth|Protect
|move|p2a: cap27|Thunder Wave|p1a: Spikemuth
|-activate|p1a: Spikemuth|move: Protect
|
|-weather|Sandstorm|[upkeep]
|-damage|p2a: cap27|88\/100|[from] Sandstorm
|upkeep
|turn|7


|
|switch|p1a: HAL|Rotom-Heat|304\/304
|move|p2a: cap27|Spikes|p1a: HAL
|-sidestart|p1: Deck Knight|Spikes
|
|-weather|none
|upkeep
|turn|8


|
|move|p2a: cap27|Dragon Claw|p1a: HAL
|-damage|p1a: HAL|195\/304
|move|p1a: HAL|Defog|p2a: cap27
|-unboost|p2a: cap27|evasion|1
|-sideend|p2: Aetherl|Spikes|[from] move: Defog|[of] p1a: HAL
|-sideend|p1: Deck Knight|Spikes|[from] move: Defog|[of] p1a: HAL
|-sideend|p1: Deck Knight|Stealth Rock|[from] move: Defog|[of] p1a: HAL
|
|upkeep
|turn|9


|
|switch|p1a: Topham Hat|Weezing-Galar, M|334\/334
|-ability|p1a: Topham Hat|Neutralizing Gas
|move|p2a: cap27|Spikes|p1a: Topham Hat
|-sidestart|p1: Deck Knight|Spikes
|
|upkeep
|turn|10


|
|switch|p2a: Excadrill|Excadrill, M|100\/100
|move|p1a: Topham Hat|Flamethrower|p2a: Excadrill
|-supereffective|p2a: Excadrill
|-damage|p2a: Excadrill|49\/100
|
|-heal|p2a: Excadrill|55\/100|[from] item: Leftovers
|upkeep
|turn|11


|
|switch|p1a: Spikemuth|Ferrothorn, M|352\/352
|-damage|p1a: Spikemuth|308\/352|[from] Spikes
|move|p2a: Excadrill|Earthquake|p1a: Spikemuth
|-damage|p1a: Spikemuth|184\/352
|
|-heal|p2a: Excadrill|61\/100|[from] item: Leftovers
|-heal|p1a: Spikemuth|206\/352|[from] item: Leftovers
|upkeep
|turn|12


|
|switch|p2a: cap27|cap27, F|88\/100
|move|p1a: Spikemuth|Leech Seed|p2a: cap27
|-start|p2a: cap27|move: Leech Seed
|
|-heal|p1a: Spikemuth|228\/352|[from] item: Leftovers
|-damage|p2a: cap27|76\/100|[from] Leech Seed|[of] p1a: Spikemuth
|-heal|p1a: Spikemuth|272\/352|[silent]
|upkeep
|turn|13


|
|switch|p1a: HAL|Rotom-Heat|195\/304
|move|p2a: cap27|Flare Blitz|p1a: HAL
|-resisted|p1a: HAL
|-damage|p1a: HAL|105\/304
|-damage|p2a: cap27|67\/100|[from] Recoil
|
|-damage|p2a: cap27|55\/100|[from] Leech Seed|[of] p1a: HAL
|-heal|p1a: HAL|149\/304|[silent]
|upkeep
|turn|14


|
|move|p2a: cap27|Dragon Claw|p1a: HAL
|-damage|p1a: HAL|31\/304
|move|p1a: HAL|Defog|p2a: cap27
|-unboost|p2a: cap27|evasion|1
|-sideend|p1: Deck Knight|Spikes|[from] move: Defog|[of] p1a: HAL
|
|-damage|p2a: cap27|43\/100|[from] Leech Seed|[of] p1a: HAL
|-heal|p1a: HAL|75\/304|[silent]
|upkeep
|turn|15


|
|switch|p2a: Clefable|Clefable, M|88\/100
|switch|p1a: Topham Hat|Weezing-Galar, M|334\/334
|-ability|p1a: Topham Hat|Neutralizing Gas
|
|upkeep
|turn|16


|
|switch|p2a: Hippowdon|Hippowdon, M|100\/100
|move|p1a: Topham Hat|Taunt|p2a: Hippowdon
|-start|p2a: Hippowdon|move: Taunt
|
|upkeep
|turn|17


|
|switch|p2a: Krilowatt|Krilowatt, M|100\/100
|move|p1a: Topham Hat|Toxic|p2a: Krilowatt
|-status|p2a: Krilowatt|tox
|
|-damage|p2a: Krilowatt|94\/100 tox|[from] psn
|upkeep
|turn|18


|c|☆Deck Knight|Galar Weezing is the tech lol >_>


|c|☆Aetherl|^


|
|switch|p1a: Ugly|Clefable, M|394\/394
|move|p2a: Krilowatt|Volt Switch|p1a: Ugly
|-damage|p1a: Ugly|293\/394


|
|switch|p2a: Excadrill|Excadrill, M|61\/100|[from]move: Volt Switch
|
|-heal|p2a: Excadrill|67\/100|[from] item: Leftovers
|-heal|p1a: Ugly|317\/394|[from] item: Leftovers
|upkeep
|turn|19


|
|switch|p2a: cap27|cap27, F|76\/100
|switch|p1a: Jack Sparrow|Arghonaut, M|414\/414
|
|upkeep
|turn|20


|c|☆Aetherl|F


|
|switch|p2a: Clefable|Clefable, M|88\/100
|move|p1a: Jack Sparrow|Spikes|p2a: Clefable
|-sidestart|p2: Aetherl|Spikes
|
|upkeep
|turn|21


|
|move|p1a: Jack Sparrow|Spikes|p2a: Clefable
|-sidestart|p2: Aetherl|Spikes
|move|p2a: Clefable|Teleport|p2a: Clefable


|
|switch|p2a: Krilowatt|Krilowatt, M|94\/100 tox|[from]move: Teleport
|
|upkeep
|turn|22


|
|switch|p1a: Sir Axlot|cap27, F|375\/375
|move|p2a: Krilowatt|Volt Switch|p1a: Sir Axlot
|-resisted|p1a: Sir Axlot
|-damage|p1a: Sir Axlot|324\/375


|
|switch|p2a: Dragapult|Dragapult, M|100\/100|[from]move: Volt Switch
|-damage|p2a: Dragapult|84\/100|[from] Spikes
|
|upkeep
|turn|23


|
|move|p2a: Dragapult|Thunder Wave|p1a: Sir Axlot
|-status|p1a: Sir Axlot|par
|move|p1a: Sir Axlot|Nuzzle|p2a: Dragapult
|-resisted|p2a: Dragapult
|-damage|p2a: Dragapult|80\/100
|-status|p2a: Dragapult|par
|
|upkeep
|turn|24


|
|switch|p1a: Ugly|Clefable, M|317\/394
|move|p2a: Dragapult|U-turn|p1a: Ugly
|-resisted|p1a: Ugly
|-damage|p1a: Ugly|279\/394


|
|switch|p2a: Excadrill|Excadrill, M|67\/100|[from]move: U-turn
|-damage|p2a: Excadrill|51\/100|[from] Spikes
|
|-heal|p2a: Excadrill|57\/100|[from] item: Leftovers
|-heal|p1a: Ugly|303\/394|[from] item: Leftovers
|upkeep
|turn|25


|
|switch|p1a: Spikemuth|Ferrothorn, M|272\/352
|move|p2a: Excadrill|Rapid Spin|p1a: Spikemuth
|-resisted|p1a: Spikemuth
|-damage|p1a: Spikemuth|254\/352
|-boost|p2a: Excadrill|spe|1
|-damage|p2a: Excadrill|44\/100|[from] ability: Iron Barbs|[of] p1a: Spikemuth
|-sideend|p2: Aetherl|Spikes|[from] move: Rapid Spin|[of] p2a: Excadrill
|
|-heal|p2a: Excadrill|50\/100|[from] item: Leftovers
|-heal|p1a: Spikemuth|276\/352|[from] item: Leftovers
|upkeep
|turn|26


|
|switch|p2a: cap27|cap27, F|100\/100
|move|p1a: Spikemuth|Power Whip|p2a: cap27|[miss]
|-miss|p1a: Spikemuth|p2a: cap27
|
|-heal|p1a: Spikemuth|298\/352|[from] item: Leftovers
|upkeep
|turn|27


|
|switch|p1a: Ugly|Clefable, M|303\/394
|move|p2a: cap27|Spikes|p1a: Ugly
|-sidestart|p1: Deck Knight|Spikes
|
|-heal|p1a: Ugly|327\/394|[from] item: Leftovers
|upkeep
|turn|28


|
|move|p2a: cap27|Thunder Wave|p1a: Ugly|[miss]
|-miss|p2a: cap27|p1a: Ugly
|move|p1a: Ugly|Wish|p1a: Ugly
|
|-heal|p1a: Ugly|351\/394|[from] item: Leftovers
|upkeep
|turn|29


|
|move|p2a: cap27|Spikes|p1a: Ugly
|-sidestart|p1: Deck Knight|Spikes
|move|p1a: Ugly|Teleport|p1a: Ugly


|
|switch|p1a: HAL|Rotom-Heat|75\/304
|
|-heal|p1a: HAL|272\/304|[from] move: Wish|[wisher] Ugly
|upkeep
|turn|30


|
|move|p2a: cap27|Dragon Claw|p1a: HAL
|-damage|p1a: HAL|160\/304
|move|p1a: HAL|Defog|p2a: cap27
|-unboost|p2a: cap27|evasion|1
|-sideend|p1: Deck Knight|Spikes|[from] move: Defog|[of] p1a: HAL
|
|upkeep
|turn|31


|
|switch|p1a: Jack Sparrow|Arghonaut, M|414\/414
|move|p2a: cap27|Spikes|p1a: Jack Sparrow
|-sidestart|p1: Deck Knight|Spikes
|
|upkeep
|turn|32


|
|switch|p2a: Clefable|Clefable, M|88\/100
|move|p1a: Jack Sparrow|Knock Off|p2a: Clefable
|-resisted|p2a: Clefable
|-damage|p2a: Clefable|78\/100
|
|upkeep
|turn|33


|
|move|p1a: Jack Sparrow|Spikes|p2a: Clefable
|-sidestart|p2: Aetherl|Spikes
|move|p2a: Clefable|Wish|p2a: Clefable
|
|upkeep
|turn|34


|
|move|p1a: Jack Sparrow|Circle Throw|p2a: Clefable
|-resisted|p2a: Clefable
|-damage|p2a: Clefable|66\/100
|drag|p2a: Dragapult|Dragapult, M|80\/100 par
|-damage|p2a: Dragapult|68\/100 par|[from] Spikes
|
|-heal|p2a: Dragapult|100\/100 par|[from] move: Wish|[wisher] Clefable
|upkeep
|turn|35


|
|move|p2a: Dragapult|U-turn|p1a: Jack Sparrow
|-resisted|p1a: Jack Sparrow
|-damage|p1a: Jack Sparrow|388\/414


|
|switch|p2a: Clefable|Clefable, M|66\/100|[from]move: U-turn
|move|p1a: Jack Sparrow|Knock Off|p2a: Clefable
|-resisted|p2a: Clefable
|-damage|p2a: Clefable|56\/100
|
|-heal|p1a: Jack Sparrow|413\/414|[from] item: Leftovers
|upkeep
|turn|36


|
|move|p1a: Jack Sparrow|Spikes|p2a: Clefable
|-sidestart|p2: Aetherl|Spikes
|move|p2a: Clefable|Wish|p2a: Clefable
|
|-heal|p1a: Jack Sparrow|414\/414|[from] item: Leftovers
|upkeep
|turn|37


|
|move|p2a: Clefable|Protect|p2a: Clefable
|-singleturn|p2a: Clefable|Protect
|move|p1a: Jack Sparrow|Circle Throw|p2a: Clefable
|-activate|p2a: Clefable|move: Protect
|
|-heal|p2a: Clefable|100\/100|[from] move: Wish|[wisher] Clefable
|upkeep
|turn|38


|
|move|p1a: Jack Sparrow|Spikes|p2a: Clefable
|-sidestart|p2: Aetherl|Spikes
|move|p2a: Clefable|Teleport|p2a: Clefable


|
|switch|p2a: Krilowatt|Krilowatt, M|94\/100 tox|[from]move: Teleport
|
|upkeep
|turn|39


|
|move|p2a: Krilowatt|Earth Power|p1a: Jack Sparrow
|-damage|p1a: Jack Sparrow|330\/414
|move|p1a: Jack Sparrow|Knock Off|p2a: Krilowatt
|-damage|p2a: Krilowatt|70\/100 tox
|-enditem|p2a: Krilowatt|Life Orb|[from] move: Knock Off|[of] p1a: Jack Sparrow
|
|-heal|p1a: Jack Sparrow|355\/414|[from] item: Leftovers
|upkeep
|turn|40


|c|☆Aetherl|bruh moment


|c|☆Deck Knight|bruh indeed


|
|switch|p1a: Ugly|Clefable, M|351\/394
|move|p2a: Krilowatt|Volt Switch|p1a: Ugly
|-damage|p1a: Ugly|279\/394


|
|switch|p2a: cap27|cap27, F|100\/100|[from]move: Volt Switch
|
|-heal|p1a: Ugly|303\/394|[from] item: Leftovers
|upkeep
|turn|41


|
|move|p2a: cap27|Spikes|p1a: Ugly
|-sidestart|p1: Deck Knight|Spikes
|move|p1a: Ugly|Wish|p1a: Ugly
|
|-heal|p1a: Ugly|327\/394|[from] item: Leftovers
|upkeep
|turn|42


|
|switch|p2a: Krilowatt|Krilowatt, M|70\/100 tox
|switch|p1a: HAL|Rotom-Heat|160\/304
|
|-heal|p1a: HAL|304\/304|[from] move: Wish|[wisher] Ugly
|upkeep
|turn|43


|
|switch|p1a: Ugly|Clefable, M|327\/394
|move|p2a: Krilowatt|Scald|p1a: Ugly
|-damage|p1a: Ugly|237\/394
|
|-heal|p1a: Ugly|261\/394|[from] item: Leftovers
|upkeep
|turn|44


|
|move|p2a: Krilowatt|Volt Switch|p1a: Ugly
|-damage|p1a: Ugly|194\/394


|
|switch|p2a: Clefable|Clefable, M|100\/100|[from]move: Volt Switch
|move|p1a: Ugly|Teleport|p1a: Ugly


|
|switch|p1a: Topham Hat|Weezing-Galar, M|334\/334
|-ability|p1a: Topham Hat|Neutralizing Gas
|-damage|p1a: Topham Hat|279\/334|[from] Spikes
|
|-heal|p1a: Topham Hat|299\/334|[from] item: Black Sludge
|upkeep
|turn|45


|
|move|p1a: Topham Hat|Taunt|p2a: Clefable
|-start|p2a: Clefable|move: Taunt
|cant|p2a: Clefable|move: Taunt|Teleport
|
|-heal|p1a: Topham Hat|319\/334|[from] item: Black Sludge
|upkeep
|turn|46


|
|switch|p2a: Hippowdon|Hippowdon, M|100\/100
|-damage|p2a: Hippowdon|75\/100|[from] Spikes
|move|p1a: Topham Hat|Flamethrower|p2a: Hippowdon
|-damage|p2a: Hippowdon|56\/100
|
|-heal|p1a: Topham Hat|334\/334|[from] item: Black Sludge
|-heal|p2a: Hippowdon|63\/100|[from] item: Leftovers
|upkeep
|turn|47


|
|move|p1a: Topham Hat|Toxic|p2a: Hippowdon
|-status|p2a: Hippowdon|tox
|move|p2a: Hippowdon|Earthquake|p1a: Topham Hat
|-supereffective|p1a: Topham Hat
|-damage|p1a: Topham Hat|170\/334
|
|-heal|p1a: Topham Hat|190\/334|[from] item: Black Sludge
|-heal|p2a: Hippowdon|69\/100 tox|[from] item: Leftovers
|-damage|p2a: Hippowdon|63\/100 tox|[from] psn
|upkeep
|turn|48


|
|-weather|Sandstorm|[from] ability: Sand Stream|[of] p2a: Hippowdon
|switch|p1a: HAL|Rotom-Heat|304\/304
|move|p2a: Hippowdon|Stealth Rock|p1a: HAL
|-sidestart|p1: Deck Knight|move: Stealth Rock
|
|-weather|Sandstorm|[upkeep]
|-damage|p1a: HAL|285\/304|[from] Sandstorm
|-heal|p2a: Hippowdon|69\/100 tox|[from] item: Leftovers
|-damage|p2a: Hippowdon|56\/100 tox|[from] psn
|upkeep
|turn|49


|
|switch|p2a: Krilowatt|Krilowatt, M|70\/100 tox
|move|p1a: HAL|Overheat|p2a: Krilowatt
|-resisted|p2a: Krilowatt
|-damage|p2a: Krilowatt|40\/100 tox
|-unboost|p1a: HAL|spa|2
|
|-weather|Sandstorm|[upkeep]
|-damage|p1a: HAL|266\/304|[from] Sandstorm
|upkeep
|turn|50


|
|switch|p1a: Ugly|Clefable, M|194\/394
|move|p2a: Krilowatt|Volt Switch|p1a: Ugly
|-damage|p1a: Ugly|128\/394


|
|switch|p2a: Excadrill|Excadrill, M|50\/100|[from]move: Volt Switch
|-damage|p2a: Excadrill|26\/100|[from] Spikes
|
|-weather|Sandstorm|[upkeep]
|-heal|p2a: Excadrill|32\/100|[from] item: Leftovers
|-heal|p1a: Ugly|152\/394|[from] item: Leftovers
|upkeep
|turn|51


|
|switch|p1a: Spikemuth|Ferrothorn, M|298\/352
|-damage|p1a: Spikemuth|276\/352|[from] Stealth Rock
|-damage|p1a: Spikemuth|218\/352|[from] Spikes
|move|p2a: Excadrill|Rapid Spin|p1a: Spikemuth
|-resisted|p1a: Spikemuth
|-damage|p1a: Spikemuth|199\/352
|-boost|p2a: Excadrill|spe|1
|-damage|p2a: Excadrill|19\/100|[from] ability: Iron Barbs|[of] p1a: Spikemuth
|-sideend|p2: Aetherl|Spikes|[from] move: Rapid Spin|[of] p2a: Excadrill
|
|-weather|Sandstorm|[upkeep]
|-heal|p2a: Excadrill|25\/100|[from] item: Leftovers
|-heal|p1a: Spikemuth|221\/352|[from] item: Leftovers
|upkeep
|turn|52


|
|switch|p2a: cap27|cap27, F|100\/100
|move|p1a: Spikemuth|Stealth Rock|p2a: cap27
|-sidestart|p2: Aetherl|move: Stealth Rock
|
|-weather|none
|-heal|p1a: Spikemuth|243\/352|[from] item: Leftovers
|upkeep
|turn|53


|
|switch|p1a: HAL|Rotom-Heat|266\/304
|move|p2a: cap27|Thunder Wave|p1a: HAL
|-immune|p1a: HAL
|
|upkeep
|turn|54


|
|move|p2a: cap27|Spikes|p1a: HAL
|-sidestart|p1: Deck Knight|Spikes
|move|p1a: HAL|Defog|p2a: cap27
|-unboost|p2a: cap27|evasion|1
|-sideend|p2: Aetherl|Stealth Rock|[from] move: Defog|[of] p1a: HAL
|-sideend|p1: Deck Knight|Spikes|[from] move: Defog|[of] p1a: HAL
|-sideend|p1: Deck Knight|Stealth Rock|[from] move: Defog|[of] p1a: HAL
|
|upkeep
|turn|55


|
|move|p2a: cap27|Spikes|p1a: HAL
|-sidestart|p1: Deck Knight|Spikes
|move|p1a: HAL|Nasty Plot|p1a: HAL
|-boost|p1a: HAL|spa|2
|
|upkeep
|turn|56


|
|move|p2a: cap27|Dragon Claw|p1a: HAL
|-damage|p1a: HAL|154\/304
|move|p1a: HAL|Volt Switch|p2a: cap27
|-resisted|p2a: cap27
|-damage|p2a: cap27|56\/100


|
|switch|p1a: Ugly|Clefable, M|152\/394
|
|-heal|p1a: Ugly|176\/394|[from] item: Leftovers
|upkeep
|turn|57


|
|switch|p2a: Krilowatt|Krilowatt, M|40\/100 tox
|move|p1a: Ugly|Wish|p1a: Ugly
|
|-heal|p1a: Ugly|200\/394|[from] item: Leftovers
|upkeep
|turn|58


|c|☆Aetherl|misclick


|
|move|p1a: Ugly|Protect|p1a: Ugly
|-singleturn|p1a: Ugly|Protect
|move|p2a: Krilowatt|Volt Switch|p1a: Ugly
|-activate|p1a: Ugly|move: Protect
|
|-heal|p1a: Ugly|394\/394|[from] move: Wish|[wisher] Ugly
|upkeep
|turn|59


|
|move|p2a: Krilowatt|Volt Switch|p1a: Ugly
|-damage|p1a: Ugly|319\/394


|
|switch|p2a: Hippowdon|Hippowdon, M|56\/100 tox|[from]move: Volt Switch
|-weather|Sandstorm|[from] ability: Sand Stream|[of] p2a: Hippowdon
|move|p1a: Ugly|Teleport|p1a: Ugly


|
|switch|p1a: Spikemuth|Ferrothorn, M|243\/352
|-damage|p1a: Spikemuth|199\/352|[from] Spikes
|
|-weather|Sandstorm|[upkeep]
|-heal|p2a: Hippowdon|63\/100 tox|[from] item: Leftovers
|-heal|p1a: Spikemuth|221\/352|[from] item: Leftovers
|-damage|p2a: Hippowdon|56\/100 tox|[from] psn
|upkeep
|turn|60


|
|move|p2a: Hippowdon|Stealth Rock|p1a: Spikemuth
|-sidestart|p1: Deck Knight|move: Stealth Rock
|move|p1a: Spikemuth|Stealth Rock|p2a: Hippowdon
|-sidestart|p2: Aetherl|move: Stealth Rock
|
|-weather|Sandstorm|[upkeep]
|-heal|p2a: Hippowdon|63\/100 tox|[from] item: Leftovers
|-heal|p1a: Spikemuth|243\/352|[from] item: Leftovers
|-damage|p2a: Hippowdon|50\/100 tox|[from] psn
|upkeep
|turn|61


|
|switch|p2a: cap27|cap27, F|89\/100
|move|p1a: Spikemuth|Leech Seed|p2a: cap27
|-start|p2a: cap27|move: Leech Seed
|
|-weather|Sandstorm|[upkeep]
|-damage|p2a: cap27|83\/100|[from] Sandstorm
|-heal|p1a: Spikemuth|265\/352|[from] item: Leftovers
|-damage|p2a: cap27|71\/100|[from] Leech Seed|[of] p1a: Spikemuth
|-heal|p1a: Spikemuth|309\/352|[silent]
|upkeep
|turn|62


|
|switch|p2a: Clefable|Clefable, M|100\/100
|switch|p1a: HAL|Rotom-Heat|154\/304
|
|-weather|Sandstorm|[upkeep]
|-damage|p1a: HAL|135\/304|[from] Sandstorm
|upkeep
|turn|63


|
|move|p1a: HAL|Defog|p2a: Clefable
|-unboost|p2a: Clefable|evasion|1
|-sideend|p2: Aetherl|Stealth Rock|[from] move: Defog|[of] p1a: HAL
|-sideend|p1: Deck Knight|Spikes|[from] move: Defog|[of] p1a: HAL
|-sideend|p1: Deck Knight|Stealth Rock|[from] move: Defog|[of] p1a: HAL
|move|p2a: Clefable|Teleport|p2a: Clefable


|
|switch|p2a: cap27|cap27, F|100\/100|[from]move: Teleport
|
|-weather|none
|upkeep
|turn|64


|
|switch|p1a: Ugly|Clefable, M|319\/394
|move|p2a: cap27|Dragon Claw|p1a: Ugly
|-immune|p1a: Ugly
|
|-heal|p1a: Ugly|343\/394|[from] item: Leftovers
|upkeep
|turn|65


|
|move|p2a: cap27|Thunder Wave|p1a: Ugly
|-status|p1a: Ugly|par
|move|p1a: Ugly|Wish|p1a: Ugly
|
|-heal|p1a: Ugly|367\/394 par|[from] item: Leftovers
|upkeep
|turn|66


|
|switch|p1a: HAL|Rotom-Heat|135\/304
|move|p2a: cap27|Spikes|p1a: HAL
|-sidestart|p1: Deck Knight|Spikes
|
|-heal|p1a: HAL|304\/304|[from] move: Wish|[wisher] Ugly
|upkeep
|turn|67


|
|move|p2a: cap27|Dragon Claw|p1a: HAL
|-damage|p1a: HAL|193\/304
|move|p1a: HAL|Defog|p2a: cap27
|-unboost|p2a: cap27|evasion|1
|-sideend|p1: Deck Knight|Spikes|[from] move: Defog|[of] p1a: HAL
|
|upkeep
|turn|68


|
|switch|p1a: Jack Sparrow|Arghonaut, M|355\/414
|move|p2a: cap27|Dragon Claw|p1a: Jack Sparrow
|-damage|p1a: Jack Sparrow|234\/414
|
|-heal|p1a: Jack Sparrow|259\/414|[from] item: Leftovers
|upkeep
|turn|69


|
|switch|p2a: Clefable|Clefable, M|100\/100
|move|p1a: Jack Sparrow|Knock Off|p2a: Clefable
|-resisted|p2a: Clefable
|-damage|p2a: Clefable|92\/100
|
|-heal|p1a: Jack Sparrow|284\/414|[from] item: Leftovers
|upkeep
|turn|70


|c|☆Aetherl|hmmm


|c|☆Aetherl|gg


|c|☆Aetherl|wp


|-message|Aetherl forfeited.


|
|win|Deck Knight


|l|☆Aetherl
</script>
</div>
<div class="battle-log battle-log-inline"><div class="inner"><div class="battle-options"><div style="padding-top: 3px; padding-right: 3px; text-align: right"><button class="icon button" name="openBattleOptions" title="Options">Battle Options</button></div></div><div class="inner message-log"><div class="chat"><small>☆Deck Knight joined.</small></div><div class="chat"><small>☆Aetherl joined.</small></div><div class=""><small>Format:</small> <br><strong>[Gen 8] CAP</strong></div><div class=""><small><em>Sleep Clause Mod:</em> Limit one foe put to sleep</small></div><div class=""><small><em>Species Clause:</em> Limit one of each Pokémon</small></div><div class=""><small><em>OHKO Clause:</em> OHKO moves are banned</small></div><div class=""><small><em>Evasion Moves Clause:</em> Evasion moves are banned</small></div><div class=""><small><em>Endless Battle Clause:</em> Forcing endless battles is banned</small></div><div class=""><small><em>HP Percentage Mod:</em> HP is shown in percentages</small></div><div class=""><small><em>Dynamax Clause:</em> You cannot dynamax</small></div><div class="chat battle-history"><strong>Deck Knight's team:</strong> <em style="color:#445566;display:block;">cap27 / Ferrothorn / Weezing-Galar / Rotom-Heat / Arghonaut / Clefable</em></div><div class="chat battle-history"><strong>Aetherl's team:</strong> <em style="color:#445566;display:block;">cap27 / Hippowdon / Clefable / Dragapult / Krilowatt / Excadrill</em></div><div class="chat chatmessage-aetherl"><strong style="color:#2b829d"><small>☆</small><span class="username" data-name="Aetherl">Aetherl</span>:</strong> <em>glhf!</em></div><div class="chat chatmessage-deckknight mine"><strong style="color:#3e73d0"><small>☆</small><span class="username" data-name="Deck Knight">Deck Knight</span>:</strong> <em>glhf!</em></div><div class="spacer battle-history"><br></div><div class="battle-history">Battle started between Deck Knight and Aetherl!<br></div><div class="spacer battle-history"><br></div><div class="battle-history">Go! Jack Sparrow (<strong>Arghonaut</strong>)!<br></div><div class="spacer battle-history"><br></div><div class="battle-history">Aetherl sent out <strong>Dragapult</strong>!<br></div><div class="spacer battle-history"><br></div><h2 class="battle-history">Turn 1</h2><div class="spacer battle-history"><br></div><div class="battle-history">The opposing Dragapult used <strong>U-turn</strong>!<br></div><div class="battle-history"><small>It's not very effective...</small><br></div><div class="battle-history"><small>(Jack Sparrow lost <abbr title="−25/414">6.0%</abbr> of its health!)</small><br></div><div class="spacer battle-history"><br></div><div class="battle-history">The opposing Dragapult went back to Aetherl!<br></div><div class="battle-history">Aetherl sent out <strong>Clefable</strong>!<br></div><div class="spacer battle-history"><br></div><div class="battle-history">Jack Sparrow used <strong>Knock Off</strong>!<br></div><div class="battle-history"><small>It's not very effective...</small><br></div><div class="battle-history"><small>(The opposing Clefable lost 12% of its health!)</small><br></div><div class="battle-history"><small>Jack Sparrow knocked off the opposing Clefable's Leftovers!</small><br></div><div class="spacer battle-history"><br></div><div class="battle-history"><small>Jack Sparrow restored a little HP using its Leftovers!</small><br></div><div class="spacer battle-history"><br></div><h2 class="battle-history">Turn 2</h2><div class="spacer battle-history"><br></div><div class="battle-history">Jack Sparrow, come back!<br></div><div class="battle-history">Go! Topham Hat (<strong>Weezing-Galar</strong>)!<br></div><div class="battle-history">[Topham Hat's Neutralizing Gas]<br><small>Neutralizing gas filled the area!</small><br></div><div class="spacer battle-history"><br></div><div class="battle-history">The opposing Clefable used <strong>Teleport</strong>!<br></div><div class="spacer battle-history"><br></div><div class="battle-history">Aetherl withdrew Clefable!<br></div><div class="battle-history">Aetherl sent out <strong>Hippowdon</strong>!<br></div><div class="spacer battle-history"><br></div><h2 class="battle-history">Turn 3</h2><div class="spacer battle-history"><br></div><div class="battle-history">[The opposing Hippowdon's Sand Stream]<br><small>A sandstorm kicked up!</small><br></div><div class="spacer battle-history"><br></div><div class="battle-history">Topham Hat, come back!<br></div><div class="battle-history">Go! Jack Sparrow (<strong>Arghonaut</strong>)!<br></div><div class="spacer battle-history"><br></div><div class="battle-history">The opposing Hippowdon used <strong>Stealth Rock</strong>!<br></div><div class="battle-history"><small>Pointed stones float in the air around your team!</small><br></div><div class="spacer battle-history"><br></div><div class="battle-history"><small>(The sandstorm is raging.)</small><br></div><div class="battle-history"><small>Jack Sparrow is buffeted by the sandstorm!</small><br></div><div class="battle-history"><small>Jack Sparrow restored a little HP using its Leftovers!</small><br></div><div class="spacer battle-history"><br></div><h2 class="battle-history">Turn 4</h2><div class="spacer battle-history"><br></div><div class="battle-history">Aetherl withdrew Hippowdon!<br></div><div class="battle-history">Aetherl sent out <strong>Clefable</strong>!<br></div><div class="spacer battle-history"><br></div><div class="battle-history">Jack Sparrow used <strong>Spikes</strong>!<br></div><div class="battle-history"><small>Spikes were scattered on the ground all around the opposing team!</small><br></div><div class="spacer battle-history"><br></div><div class="battle-history"><small>(The sandstorm is raging.)</small><br></div><div class="battle-history"><small>Jack Sparrow is buffeted by the sandstorm!</small><br></div><div class="battle-history"><small>Jack Sparrow restored a little HP using its Leftovers!</small><br></div><div class="spacer battle-history"><br></div><h2 class="battle-history">Turn 5</h2><div class="spacer battle-history"><br></div><div class="battle-history">Jack Sparrow, come back!<br></div><div class="battle-history">Go! Spikemuth (<strong>Ferrothorn</strong>)!<br></div><div class="battle-history"><small>Pointed stones dug into Spikemuth!</small><br></div><div class="spacer battle-history"><br></div><div class="battle-history">The opposing Clefable used <strong>Teleport</strong>!<br></div><div class="spacer battle-history"><br></div><div class="battle-history">Aetherl withdrew Clefable!<br></div><div class="battle-history">Aetherl sent out <strong>cap27</strong>!<br></div><div class="spacer battle-history"><br></div><div class="battle-history"><small>(The sandstorm is raging.)</small><br></div><div class="battle-history"><small>The opposing cap27 is buffeted by the sandstorm!</small><br></div><div class="battle-history"><small>Spikemuth restored a little HP using its Leftovers!</small><br></div><div class="spacer battle-history"><br></div><h2 class="battle-history">Turn 6</h2><div class="spacer battle-history"><br></div><div class="battle-history">Spikemuth used <strong>Protect</strong>!<br></div><div class="battle-history"><small>Spikemuth protected itself!</small><br></div><div class="spacer battle-history"><br></div><div class="battle-history">The opposing cap27 used <strong>Thunder Wave</strong>!<br></div><div class="battle-history"><small>Spikemuth protected itself!</small><br></div><div class="spacer battle-history"><br></div><div class="battle-history"><small>(The sandstorm is raging.)</small><br></div><div class="battle-history"><small>The opposing cap27 is buffeted by the sandstorm!</small><br></div><div class="spacer battle-history"><br></div><h2 class="battle-history">Turn 7</h2><div class="spacer battle-history"><br></div><div class="battle-history">Spikemuth, come back!<br></div><div class="battle-history">Go! HAL (<strong>Rotom-Heat</strong>)!<br></div><div class="spacer battle-history"><br></div><div class="battle-history">The opposing cap27 used <strong>Spikes</strong>!<br></div><div class="battle-history"><small>Spikes were scattered on the ground all around your team!</small><br></div><div class="spacer battle-history"><br></div><div class="battle-history"><small>The sandstorm subsided.</small><br></div><div class="spacer battle-history"><br></div><h2 class="battle-history">Turn 8</h2><div class="spacer battle-history"><br></div><div class="battle-history">The opposing cap27 used <strong>Dragon Claw</strong>!<br></div><div class="battle-history"><small>(HAL lost <abbr title="−109/304">35.9%</abbr> of its health!)</small><br></div><div class="spacer battle-history"><br></div><div class="battle-history">HAL used <strong>Defog</strong>!<br></div><div class="battle-history"><small>The opposing cap27's evasiveness fell!</small><br></div><div class="battle-history"><small>The spikes disappeared from the ground around the opposing team!</small><br></div><div class="battle-history"><small>The spikes disappeared from the ground around your team!</small><br></div><div class="battle-history"><small>The pointed stones disappeared from around your team!</small><br></div><div class="spacer battle-history"><br></div><h2 class="battle-history">Turn 9</h2><div class="spacer battle-history"><br></div><div class="battle-history">HAL, come back!<br></div><div class="battle-history">Go! Topham Hat (<strong>Weezing-Galar</strong>)!<br></div><div class="battle-history">[Topham Hat's Neutralizing Gas]<br><small>Neutralizing gas filled the area!</small><br></div><div class="spacer battle-history"><br></div><div class="battle-history">The opposing cap27 used <strong>Spikes</strong>!<br></div><div class="battle-history"><small>Spikes were scattered on the ground all around your team!</small><br></div><div class="spacer battle-history"><br></div><h2 class="battle-history">Turn 10</h2><div class="spacer battle-history"><br></div><div class="battle-history">Aetherl withdrew cap27!<br></div><div class="battle-history">Aetherl sent out <strong>Excadrill</strong>!<br></div><div class="spacer battle-history"><br></div><div class="battle-history">Topham Hat used <strong>Flamethrower</strong>!<br></div><div class="battle-history"><small>It's super effective!</small><br></div><div class="battle-history"><small>(The opposing Excadrill lost 51% of its health!)</small><br></div><div class="spacer battle-history"><br></div><div class="battle-history"><small>The opposing Excadrill restored a little HP using its Leftovers!</small><br></div><div class="spacer battle-history"><br></div><h2 class="battle-history">Turn 11</h2><div class="spacer battle-history"><br></div><div class="battle-history">Topham Hat, come back!<br></div><div class="battle-history">Go! Spikemuth (<strong>Ferrothorn</strong>)!<br></div><div class="battle-history"><small>Spikemuth was hurt by the spikes!</small><br></div><div class="spacer battle-history"><br></div><div class="battle-history">The opposing Excadrill used <strong>Earthquake</strong>!<br></div><div class="battle-history"><small>(Spikemuth lost <abbr title="−124/352">35.2%</abbr> of its health!)</small><br></div><div class="spacer battle-history"><br></div><div class="battle-history"><small>The opposing Excadrill restored a little HP using its Leftovers!</small><br></div><div class="battle-history"><small>Spikemuth restored a little HP using its Leftovers!</small><br></div><div class="spacer battle-history"><br></div><h2 class="battle-history">Turn 12</h2><div class="spacer battle-history"><br></div><div class="battle-history">Aetherl withdrew Excadrill!<br></div><div class="battle-history">Aetherl sent out <strong>cap27</strong>!<br></div><div class="spacer battle-history"><br></div><div class="battle-history">Spikemuth used <strong>Leech Seed</strong>!<br></div><div class="battle-history"><small>The opposing cap27 was seeded!</small><br></div><div class="spacer battle-history"><br></div><div class="battle-history"><small>Spikemuth restored a little HP using its Leftovers!</small><br></div><div class="battle-history"><small>The opposing cap27's health is sapped by Leech Seed!</small><br></div><div class="spacer battle-history"><br></div><h2 class="battle-history">Turn 13</h2><div class="spacer battle-history"><br></div><div class="battle-history">Spikemuth, come back!<br></div><div class="battle-history">Go! HAL (<strong>Rotom-Heat</strong>)!<br></div><div class="spacer battle-history"><br></div><div class="battle-history">The opposing cap27 used <strong>Flare Blitz</strong>!<br></div><div class="battle-history"><small>It's not very effective...</small><br></div><div class="battle-history"><small>(HAL lost <abbr title="−90/304">29.6%</abbr> of its health!)</small><br></div><div class="battle-history"><small>The opposing cap27 was damaged by the recoil!</small><br></div><div class="spacer battle-history"><br></div><div class="battle-history"><small>The opposing cap27's health is sapped by Leech Seed!</small><br></div><div class="spacer battle-history"><br></div><h2 class="battle-history">Turn 14</h2><div class="spacer battle-history"><br></div><div class="battle-history">The opposing cap27 used <strong>Dragon Claw</strong>!<br></div><div class="battle-history"><small>(HAL lost <abbr title="−118/304">38.8%</abbr> of its health!)</small><br></div><div class="spacer battle-history"><br></div><div class="battle-history">HAL used <strong>Defog</strong>!<br></div><div class="battle-history"><small>The opposing cap27's evasiveness fell!</small><br></div><div class="battle-history"><small>The spikes disappeared from the ground around your team!</small><br></div><div class="spacer battle-history"><br></div><div class="battle-history"><small>The opposing cap27's health is sapped by Leech Seed!</small><br></div><div class="spacer battle-history"><br></div><h2 class="battle-history">Turn 15</h2><div class="spacer battle-history"><br></div><div class="battle-history">Aetherl withdrew cap27!<br></div><div class="battle-history">Aetherl sent out <strong>Clefable</strong>!<br></div><div class="spacer battle-history"><br></div><div class="battle-history">HAL, come back!<br></div><div class="battle-history">Go! Topham Hat (<strong>Weezing-Galar</strong>)!<br></div><div class="battle-history">[Topham Hat's Neutralizing Gas]<br><small>Neutralizing gas filled the area!</small><br></div><div class="spacer battle-history"><br></div><h2 class="battle-history">Turn 16</h2><div class="spacer battle-history"><br></div><div class="battle-history">Aetherl withdrew Clefable!<br></div><div class="battle-history">Aetherl sent out <strong>Hippowdon</strong>!<br></div><div class="spacer battle-history"><br></div><div class="battle-history">Topham Hat used <strong>Taunt</strong>!<br></div><div class="battle-history"><small>The opposing Hippowdon fell for the taunt!</small><br></div><div class="spacer battle-history"><br></div><h2 class="battle-history">Turn 17</h2><div class="spacer battle-history"><br></div><div class="battle-history">Aetherl withdrew Hippowdon!<br></div><div class="battle-history">Aetherl sent out <strong>Krilowatt</strong>!<br></div><div class="spacer battle-history"><br></div><div class="battle-history">Topham Hat used <strong>Toxic</strong>!<br></div><div class="battle-history"><small>The opposing Krilowatt was badly poisoned!</small><br></div><div class="spacer battle-history"><br></div><div class="battle-history"><small>The opposing Krilowatt was hurt by poison!</small><br></div><div class="spacer battle-history"><br></div><h2 class="battle-history">Turn 18</h2><div class="chat chatmessage-deckknight mine"><strong style="color:#3e73d0"><small>☆</small><span class="username" data-name="Deck Knight">Deck Knight</span>:</strong> <em>Galar Weezing is the tech lol &gt;_&gt;</em></div><div class="chat chatmessage-aetherl"><strong style="color:#2b829d"><small>☆</small><span class="username" data-name="Aetherl">Aetherl</span>:</strong> <em>^</em></div><div class="spacer battle-history"><br></div><div class="battle-history">Topham Hat, come back!<br></div><div class="battle-history">Go! Ugly (<strong>Clefable</strong>)!<br></div><div class="spacer battle-history"><br></div><div class="battle-history">The opposing Krilowatt used <strong>Volt Switch</strong>!<br></div><div class="battle-history"><small>(Ugly lost <abbr title="−101/394">25.6%</abbr> of its health!)</small><br></div><div class="spacer battle-history"><br></div><div class="battle-history">The opposing Krilowatt went back to Aetherl!<br></div><div class="battle-history">Aetherl sent out <strong>Excadrill</strong>!<br></div><div class="spacer battle-history"><br></div><div class="battle-history"><small>The opposing Excadrill restored a little HP using its Leftovers!</small><br></div><div class="battle-history"><small>Ugly restored a little HP using its Leftovers!</small><br></div><div class="spacer battle-history"><br></div><h2 class="battle-history">Turn 19</h2><div class="spacer battle-history"><br></div><div class="battle-history">Aetherl withdrew Excadrill!<br></div><div class="battle-history">Aetherl sent out <strong>cap27</strong>!<br></div><div class="spacer battle-history"><br></div><div class="battle-history">Ugly, come back!<br></div><div class="battle-history">Go! Jack Sparrow (<strong>Arghonaut</strong>)!<br></div><div class="spacer battle-history"><br></div><h2 class="battle-history">Turn 20</h2><div class="chat chatmessage-aetherl"><strong style="color:#2b829d"><small>☆</small><span class="username" data-name="Aetherl">Aetherl</span>:</strong> <em>F</em></div><div class="spacer battle-history"><br></div><div class="battle-history">Aetherl withdrew cap27!<br></div><div class="battle-history">Aetherl sent out <strong>Clefable</strong>!<br></div><div class="spacer battle-history"><br></div><div class="battle-history">Jack Sparrow used <strong>Spikes</strong>!<br></div><div class="battle-history"><small>Spikes were scattered on the ground all around the opposing team!</small><br></div><div class="spacer battle-history"><br></div><h2 class="battle-history">Turn 21</h2><div class="spacer battle-history"><br></div><div class="battle-history">Jack Sparrow used <strong>Spikes</strong>!<br></div><div class="battle-history"><small>Spikes were scattered on the ground all around the opposing team!</small><br></div><div class="spacer battle-history"><br></div><div class="battle-history">The opposing Clefable used <strong>Teleport</strong>!<br></div><div class="spacer battle-history"><br></div><div class="battle-history">Aetherl withdrew Clefable!<br></div><div class="battle-history">Aetherl sent out <strong>Krilowatt</strong>!<br></div><div class="spacer battle-history"><br></div><h2 class="battle-history">Turn 22</h2><div class="spacer battle-history"><br></div><div class="battle-history">Jack Sparrow, come back!<br></div><div class="battle-history">Go! Sir Axlot (<strong>cap27</strong>)!<br></div><div class="spacer battle-history"><br></div><div class="battle-history">The opposing Krilowatt used <strong>Volt Switch</strong>!<br></div><div class="battle-history"><small>It's not very effective...</small><br></div><div class="battle-history"><small>(Sir Axlot lost <abbr title="−51/375">13.6%</abbr> of its health!)</small><br></div><div class="spacer battle-history"><br></div><div class="battle-history">The opposing Krilowatt went back to Aetherl!<br></div><div class="battle-history">Aetherl sent out <strong>Dragapult</strong>!<br></div><div class="battle-history"><small>The opposing Dragapult was hurt by the spikes!</small><br></div><div class="spacer battle-history"><br></div><h2 class="battle-history">Turn 23</h2><div class="spacer battle-history"><br></div><div class="battle-history">The opposing Dragapult used <strong>Thunder Wave</strong>!<br></div><div class="battle-history"><small>Sir Axlot is paralyzed! It may be unable to move!</small><br></div><div class="spacer battle-history"><br></div><div class="battle-history">Sir Axlot used <strong>Nuzzle</strong>!<br></div><div class="battle-history"><small>It's not very effective...</small><br></div><div class="battle-history"><small>(The opposing Dragapult lost 4% of its health!)</small><br></div><div class="battle-history"><small>The opposing Dragapult is paralyzed! It may be unable to move!</small><br></div><div class="spacer battle-history"><br></div><h2 class="battle-history">Turn 24</h2><div class="spacer battle-history"><br></div><div class="battle-history">Sir Axlot, come back!<br></div><div class="battle-history">Go! Ugly (<strong>Clefable</strong>)!<br></div><div class="spacer battle-history"><br></div><div class="battle-history">The opposing Dragapult used <strong>U-turn</strong>!<br></div><div class="battle-history"><small>It's not very effective...</small><br></div><div class="battle-history"><small>(Ugly lost <abbr title="−38/394">9.6%</abbr> of its health!)</small><br></div><div class="spacer battle-history"><br></div><div class="battle-history">The opposing Dragapult went back to Aetherl!<br></div><div class="battle-history">Aetherl sent out <strong>Excadrill</strong>!<br></div><div class="battle-history"><small>The opposing Excadrill was hurt by the spikes!</small><br></div><div class="spacer battle-history"><br></div><div class="battle-history"><small>The opposing Excadrill restored a little HP using its Leftovers!</small><br></div><div class="battle-history"><small>Ugly restored a little HP using its Leftovers!</small><br></div><div class="spacer battle-history"><br></div><h2 class="battle-history">Turn 25</h2><div class="spacer battle-history"><br></div><div class="battle-history">Ugly, come back!<br></div><div class="battle-history">Go! Spikemuth (<strong>Ferrothorn</strong>)!<br></div><div class="spacer battle-history"><br></div><div class="battle-history">The opposing Excadrill used <strong>Rapid Spin</strong>!<br></div><div class="battle-history"><small>It's not very effective...</small><br></div><div class="battle-history"><small>(Spikemuth lost <abbr title="−18/352">5.1%</abbr> of its health!)</small><br></div><div class="battle-history"><small>The opposing Excadrill's Speed rose!</small><br></div><div class="battle-history">[Spikemuth's Iron Barbs]<br><small>The opposing Excadrill was hurt!</small><br></div><div class="battle-history"><small>The spikes disappeared from the ground around the opposing team!</small><br></div><div class="spacer battle-history"><br></div><div class="battle-history"><small>The opposing Excadrill restored a little HP using its Leftovers!</small><br></div><div class="battle-history"><small>Spikemuth restored a little HP using its Leftovers!</small><br></div><div class="spacer battle-history"><br></div><h2 class="battle-history">Turn 26</h2><div class="spacer battle-history"><br></div><div class="battle-history">Aetherl withdrew Excadrill!<br></div><div class="battle-history">Aetherl sent out <strong>cap27</strong>!<br></div><div class="spacer battle-history"><br></div><div class="battle-history">Spikemuth used <strong>Power Whip</strong>!<br></div><div class="battle-history"><small>The opposing cap27 avoided the attack!</small><br></div><div class="spacer battle-history"><br></div><div class="battle-history"><small>Spikemuth restored a little HP using its Leftovers!</small><br></div><div class="spacer battle-history"><br></div><h2 class="battle-history">Turn 27</h2><div class="spacer battle-history"><br></div><div class="battle-history">Spikemuth, come back!<br></div><div class="battle-history">Go! Ugly (<strong>Clefable</strong>)!<br></div><div class="spacer battle-history"><br></div><div class="battle-history">The opposing cap27 used <strong>Spikes</strong>!<br></div><div class="battle-history"><small>Spikes were scattered on the ground all around your team!</small><br></div><div class="spacer battle-history"><br></div><div class="battle-history"><small>Ugly restored a little HP using its Leftovers!</small><br></div><div class="spacer battle-history"><br></div><h2 class="battle-history">Turn 28</h2><div class="spacer battle-history"><br></div><div class="battle-history">The opposing cap27 used <strong>Thunder Wave</strong>!<br></div><div class="battle-history"><small>Ugly avoided the attack!</small><br></div><div class="spacer battle-history"><br></div><div class="battle-history">Ugly used <strong>Wish</strong>!<br></div><div class="spacer battle-history"><br></div><div class="battle-history"><small>Ugly restored a little HP using its Leftovers!</small><br></div><div class="spacer battle-history"><br></div><h2 class="battle-history">Turn 29</h2><div class="spacer battle-history"><br></div><div class="battle-history">The opposing cap27 used <strong>Spikes</strong>!<br></div><div class="battle-history"><small>Spikes were scattered on the ground all around your team!</small><br></div><div class="spacer battle-history"><br></div><div class="battle-history">Ugly used <strong>Teleport</strong>!<br></div><div class="spacer battle-history"><br></div><div class="battle-history">Ugly, come back!<br></div><div class="battle-history">Go! HAL (<strong>Rotom-Heat</strong>)!<br></div><div class="spacer battle-history"><br></div><div class="battle-history"><small>Ugly's wish came true!</small><br></div><div class="spacer battle-history"><br></div><h2 class="battle-history">Turn 30</h2><div class="spacer battle-history"><br></div><div class="battle-history">The opposing cap27 used <strong>Dragon Claw</strong>!<br></div><div class="battle-history"><small>(HAL lost <abbr title="−112/304">36.8%</abbr> of its health!)</small><br></div><div class="spacer battle-history"><br></div><div class="battle-history">HAL used <strong>Defog</strong>!<br></div><div class="battle-history"><small>The opposing cap27's evasiveness fell!</small><br></div><div class="battle-history"><small>The spikes disappeared from the ground around your team!</small><br></div><div class="spacer battle-history"><br></div><h2 class="battle-history">Turn 31</h2><div class="spacer battle-history"><br></div><div class="battle-history">HAL, come back!<br></div><div class="battle-history">Go! Jack Sparrow (<strong>Arghonaut</strong>)!<br></div><div class="spacer battle-history"><br></div><div class="battle-history">The opposing cap27 used <strong>Spikes</strong>!<br></div><div class="battle-history"><small>Spikes were scattered on the ground all around your team!</small><br></div><div class="spacer battle-history"><br></div><h2 class="battle-history">Turn 32</h2><div class="spacer battle-history"><br></div><div class="battle-history">Aetherl withdrew cap27!<br></div><div class="battle-history">Aetherl sent out <strong>Clefable</strong>!<br></div><div class="spacer battle-history"><br></div><div class="battle-history">Jack Sparrow used <strong>Knock Off</strong>!<br></div><div class="battle-history"><small>It's not very effective...</small><br></div><div class="battle-history"><small>(The opposing Clefable lost 10% of its health!)</small><br></div><div class="spacer battle-history"><br></div><h2 class="battle-history">Turn 33</h2><div class="spacer battle-history"><br></div><div class="battle-history">Jack Sparrow used <strong>Spikes</strong>!<br></div><div class="battle-history"><small>Spikes were scattered on the ground all around the opposing team!</small><br></div><div class="spacer battle-history"><br></div><div class="battle-history">The opposing Clefable used <strong>Wish</strong>!<br></div><div class="spacer battle-history"><br></div><h2 class="battle-history">Turn 34</h2><div class="spacer battle-history"><br></div><div class="battle-history">Jack Sparrow used <strong>Circle Throw</strong>!<br></div><div class="battle-history"><small>It's not very effective...</small><br></div><div class="battle-history"><small>(The opposing Clefable lost 12% of its health!)</small><br></div><div class="spacer battle-history"><br></div><div class="battle-history"><strong>Dragapult</strong> was dragged out!<br></div><div class="battle-history"><small>The opposing Dragapult was hurt by the spikes!</small><br></div><div class="spacer battle-history"><br></div><div class="battle-history"><small>Clefable's wish came true!</small><br></div><div class="spacer battle-history"><br></div><h2 class="battle-history">Turn 35</h2><div class="spacer battle-history"><br></div><div class="battle-history">The opposing Dragapult used <strong>U-turn</strong>!<br></div><div class="battle-history"><small>It's not very effective...</small><br></div><div class="battle-history"><small>(Jack Sparrow lost <abbr title="−26/414">6.3%</abbr> of its health!)</small><br></div><div class="spacer battle-history"><br></div><div class="battle-history">The opposing Dragapult went back to Aetherl!<br></div><div class="battle-history">Aetherl sent out <strong>Clefable</strong>!<br></div><div class="spacer battle-history"><br></div><div class="battle-history">Jack Sparrow used <strong>Knock Off</strong>!<br></div><div class="battle-history"><small>It's not very effective...</small><br></div><div class="battle-history"><small>(The opposing Clefable lost 10% of its health!)</small><br></div><div class="spacer battle-history"><br></div><div class="battle-history"><small>Jack Sparrow restored a little HP using its Leftovers!</small><br></div><div class="spacer battle-history"><br></div><h2 class="battle-history">Turn 36</h2><div class="spacer battle-history"><br></div><div class="battle-history">Jack Sparrow used <strong>Spikes</strong>!<br></div><div class="battle-history"><small>Spikes were scattered on the ground all around the opposing team!</small><br></div><div class="spacer battle-history"><br></div><div class="battle-history">The opposing Clefable used <strong>Wish</strong>!<br></div><div class="spacer battle-history"><br></div><div class="battle-history"><small>Jack Sparrow restored a little HP using its Leftovers!</small><br></div><div class="spacer battle-history"><br></div><h2 class="battle-history">Turn 37</h2><div class="spacer battle-history"><br></div><div class="battle-history">The opposing Clefable used <strong>Protect</strong>!<br></div><div class="battle-history"><small>The opposing Clefable protected itself!</small><br></div><div class="spacer battle-history"><br></div><div class="battle-history">Jack Sparrow used <strong>Circle Throw</strong>!<br></div><div class="battle-history"><small>The opposing Clefable protected itself!</small><br></div><div class="spacer battle-history"><br></div><div class="battle-history"><small>Clefable's wish came true!</small><br></div><div class="spacer battle-history"><br></div><h2 class="battle-history">Turn 38</h2><div class="spacer battle-history"><br></div><div class="battle-history">Jack Sparrow used <strong>Spikes</strong>!<br></div><div class="battle-history"><small>Spikes were scattered on the ground all around the opposing team!</small><br></div><div class="spacer battle-history"><br></div><div class="battle-history">The opposing Clefable used <strong>Teleport</strong>!<br></div><div class="spacer battle-history"><br></div><div class="battle-history">Aetherl withdrew Clefable!<br></div><div class="battle-history">Aetherl sent out <strong>Krilowatt</strong>!<br></div><div class="spacer battle-history"><br></div><h2 class="battle-history">Turn 39</h2><div class="spacer battle-history"><br></div><div class="battle-history">The opposing Krilowatt used <strong>Earth Power</strong>!<br></div><div class="battle-history"><small>(Jack Sparrow lost <abbr title="−84/414">20.3%</abbr> of its health!)</small><br></div><div class="spacer battle-history"><br></div><div class="battle-history">Jack Sparrow used <strong>Knock Off</strong>!<br></div><div class="battle-history"><small>(The opposing Krilowatt lost 24% of its health!)</small><br></div><div class="battle-history"><small>Jack Sparrow knocked off the opposing Krilowatt's Life Orb!</small><br></div><div class="spacer battle-history"><br></div><div class="battle-history"><small>Jack Sparrow restored a little HP using its Leftovers!</small><br></div><div class="spacer battle-history"><br></div><h2 class="battle-history">Turn 40</h2><div class="chat chatmessage-aetherl"><strong style="color:#2b829d"><small>☆</small><span class="username" data-name="Aetherl">Aetherl</span>:</strong> <em>bruh moment</em></div><div class="chat chatmessage-deckknight mine"><strong style="color:#3e73d0"><small>☆</small><span class="username" data-name="Deck Knight">Deck Knight</span>:</strong> <em>bruh indeed</em></div><div class="spacer battle-history"><br></div><div class="battle-history">Jack Sparrow, come back!<br></div><div class="battle-history">Go! Ugly (<strong>Clefable</strong>)!<br></div><div class="spacer battle-history"><br></div><div class="battle-history">The opposing Krilowatt used <strong>Volt Switch</strong>!<br></div><div class="battle-history"><small>(Ugly lost <abbr title="−72/394">18.3%</abbr> of its health!)</small><br></div><div class="spacer battle-history"><br></div><div class="battle-history">The opposing Krilowatt went back to Aetherl!<br></div><div class="battle-history">Aetherl sent out <strong>cap27</strong>!<br></div><div class="spacer battle-history"><br></div><div class="battle-history"><small>Ugly restored a little HP using its Leftovers!</small><br></div><div class="spacer battle-history"><br></div><h2 class="battle-history">Turn 41</h2><div class="spacer battle-history"><br></div><div class="battle-history">The opposing cap27 used <strong>Spikes</strong>!<br></div><div class="battle-history"><small>Spikes were scattered on the ground all around your team!</small><br></div><div class="spacer battle-history"><br></div><div class="battle-history">Ugly used <strong>Wish</strong>!<br></div><div class="spacer battle-history"><br></div><div class="battle-history"><small>Ugly restored a little HP using its Leftovers!</small><br></div><div class="spacer battle-history"><br></div><h2 class="battle-history">Turn 42</h2><div class="spacer battle-history"><br></div><div class="battle-history">Aetherl withdrew cap27!<br></div><div class="battle-history">Aetherl sent out <strong>Krilowatt</strong>!<br></div><div class="spacer battle-history"><br></div><div class="battle-history">Ugly, come back!<br></div><div class="battle-history">Go! HAL (<strong>Rotom-Heat</strong>)!<br></div><div class="spacer battle-history"><br></div><div class="battle-history"><small>Ugly's wish came true!</small><br></div><div class="spacer battle-history"><br></div><h2 class="battle-history">Turn 43</h2><div class="spacer battle-history"><br></div><div class="battle-history">HAL, come back!<br></div><div class="battle-history">Go! Ugly (<strong>Clefable</strong>)!<br></div><div class="spacer battle-history"><br></div><div class="battle-history">The opposing Krilowatt used <strong>Scald</strong>!<br></div><div class="battle-history"><small>(Ugly lost <abbr title="−90/394">22.8%</abbr> of its health!)</small><br></div><div class="spacer battle-history"><br></div><div class="battle-history"><small>Ugly restored a little HP using its Leftovers!</small><br></div><div class="spacer battle-history"><br></div><h2 class="battle-history">Turn 44</h2><div class="spacer battle-history"><br></div><div class="battle-history">The opposing Krilowatt used <strong>Volt Switch</strong>!<br></div><div class="battle-history"><small>(Ugly lost <abbr title="−67/394">17.0%</abbr> of its health!)</small><br></div><div class="spacer battle-history"><br></div><div class="battle-history">The opposing Krilowatt went back to Aetherl!<br></div><div class="battle-history">Aetherl sent out <strong>Clefable</strong>!<br></div><div class="spacer battle-history"><br></div><div class="battle-history">Ugly used <strong>Teleport</strong>!<br></div><div class="spacer battle-history"><br></div><div class="battle-history">Ugly, come back!<br></div><div class="battle-history">Go! Topham Hat (<strong>Weezing-Galar</strong>)!<br></div><div class="battle-history">[Topham Hat's Neutralizing Gas]<br><small>Neutralizing gas filled the area!</small><br></div><div class="battle-history"><small>Topham Hat was hurt by the spikes!</small><br></div><div class="spacer battle-history"><br></div><div class="battle-history"><small>Topham Hat restored a little HP using its Black Sludge!</small><br></div><div class="spacer battle-history"><br></div><h2 class="battle-history">Turn 45</h2><div class="spacer battle-history"><br></div><div class="battle-history">Topham Hat used <strong>Taunt</strong>!<br></div><div class="battle-history"><small>The opposing Clefable fell for the taunt!</small><br></div><div class="spacer battle-history"><br></div><div class="battle-history">The opposing Clefable can't use Teleport after the taunt!<br></div><div class="spacer battle-history"><br></div><div class="battle-history"><small>Topham Hat restored a little HP using its Black Sludge!</small><br></div><div class="spacer battle-history"><br></div><h2 class="battle-history">Turn 46</h2><div class="spacer battle-history"><br></div><div class="battle-history">Aetherl withdrew Clefable!<br></div><div class="battle-history">Aetherl sent out <strong>Hippowdon</strong>!<br></div><div class="battle-history"><small>The opposing Hippowdon was hurt by the spikes!</small><br></div><div class="spacer battle-history"><br></div><div class="battle-history">Topham Hat used <strong>Flamethrower</strong>!<br></div><div class="battle-history"><small>(The opposing Hippowdon lost 19% of its health!)</small><br></div><div class="spacer battle-history"><br></div><div class="battle-history"><small>Topham Hat restored a little HP using its Black Sludge!</small><br></div><div class="battle-history"><small>The opposing Hippowdon restored a little HP using its Leftovers!</small><br></div><div class="spacer battle-history"><br></div><h2 class="battle-history">Turn 47</h2><div class="spacer battle-history"><br></div><div class="battle-history">Topham Hat used <strong>Toxic</strong>!<br></div><div class="battle-history"><small>The opposing Hippowdon was badly poisoned!</small><br></div><div class="spacer battle-history"><br></div><div class="battle-history">The opposing Hippowdon used <strong>Earthquake</strong>!<br></div><div class="battle-history"><small>It's super effective!</small><br></div><div class="battle-history"><small>(Topham Hat lost <abbr title="−164/334">49.1%</abbr> of its health!)</small><br></div><div class="spacer battle-history"><br></div><div class="battle-history"><small>Topham Hat restored a little HP using its Black Sludge!</small><br></div><div class="battle-history"><small>The opposing Hippowdon restored a little HP using its Leftovers!</small><br></div><div class="battle-history"><small>The opposing Hippowdon was hurt by poison!</small><br></div><div class="spacer battle-history"><br></div><h2 class="battle-history">Turn 48</h2><div class="spacer battle-history"><br></div><div class="battle-history">[The opposing Hippowdon's Sand Stream]<br><small>A sandstorm kicked up!</small><br></div><div class="spacer battle-history"><br></div><div class="battle-history">Topham Hat, come back!<br></div><div class="battle-history">Go! HAL (<strong>Rotom-Heat</strong>)!<br></div><div class="spacer battle-history"><br></div><div class="battle-history">The opposing Hippowdon used <strong>Stealth Rock</strong>!<br></div><div class="battle-history"><small>Pointed stones float in the air around your team!</small><br></div><div class="spacer battle-history"><br></div><div class="battle-history"><small>(The sandstorm is raging.)</small><br></div><div class="battle-history"><small>HAL is buffeted by the sandstorm!</small><br></div><div class="battle-history"><small>The opposing Hippowdon restored a little HP using its Leftovers!</small><br></div><div class="battle-history"><small>The opposing Hippowdon was hurt by poison!</small><br></div><div class="spacer battle-history"><br></div><h2 class="battle-history">Turn 49</h2><div class="spacer battle-history"><br></div><div class="battle-history">Aetherl withdrew Hippowdon!<br></div><div class="battle-history">Aetherl sent out <strong>Krilowatt</strong>!<br></div><div class="spacer battle-history"><br></div><div class="battle-history">HAL used <strong>Overheat</strong>!<br></div><div class="battle-history"><small>It's not very effective...</small><br></div><div class="battle-history"><small>(The opposing Krilowatt lost 30% of its health!)</small><br></div><div class="battle-history"><small>HAL's Sp. Atk fell harshly!</small><br></div><div class="spacer battle-history"><br></div><div class="battle-history"><small>(The sandstorm is raging.)</small><br></div><div class="battle-history"><small>HAL is buffeted by the sandstorm!</small><br></div><div class="spacer battle-history"><br></div><h2 class="battle-history">Turn 50</h2><div class="spacer battle-history"><br></div><div class="battle-history">HAL, come back!<br></div><div class="battle-history">Go! Ugly (<strong>Clefable</strong>)!<br></div><div class="spacer battle-history"><br></div><div class="battle-history">The opposing Krilowatt used <strong>Volt Switch</strong>!<br></div><div class="battle-history"><small>(Ugly lost <abbr title="−66/394">16.8%</abbr> of its health!)</small><br></div><div class="spacer battle-history"><br></div><div class="battle-history">The opposing Krilowatt went back to Aetherl!<br></div><div class="battle-history">Aetherl sent out <strong>Excadrill</strong>!<br></div><div class="battle-history"><small>The opposing Excadrill was hurt by the spikes!</small><br></div><div class="spacer battle-history"><br></div><div class="battle-history"><small>(The sandstorm is raging.)</small><br></div><div class="battle-history"><small>The opposing Excadrill restored a little HP using its Leftovers!</small><br></div><div class="battle-history"><small>Ugly restored a little HP using its Leftovers!</small><br></div><div class="spacer battle-history"><br></div><h2 class="battle-history">Turn 51</h2><div class="spacer battle-history"><br></div><div class="battle-history">Ugly, come back!<br></div><div class="battle-history">Go! Spikemuth (<strong>Ferrothorn</strong>)!<br></div><div class="battle-history"><small>Pointed stones dug into Spikemuth!</small><br></div><div class="battle-history"><small>Spikemuth was hurt by the spikes!</small><br></div><div class="spacer battle-history"><br></div><div class="battle-history">The opposing Excadrill used <strong>Rapid Spin</strong>!<br></div><div class="battle-history"><small>It's not very effective...</small><br></div><div class="battle-history"><small>(Spikemuth lost <abbr title="−19/352">5.4%</abbr> of its health!)</small><br></div><div class="battle-history"><small>The opposing Excadrill's Speed rose!</small><br></div><div class="battle-history">[Spikemuth's Iron Barbs]<br><small>The opposing Excadrill was hurt!</small><br></div><div class="battle-history"><small>The spikes disappeared from the ground around the opposing team!</small><br></div><div class="spacer battle-history"><br></div><div class="battle-history"><small>(The sandstorm is raging.)</small><br></div><div class="battle-history"><small>The opposing Excadrill restored a little HP using its Leftovers!</small><br></div><div class="battle-history"><small>Spikemuth restored a little HP using its Leftovers!</small><br></div><div class="spacer battle-history"><br></div><h2 class="battle-history">Turn 52</h2><div class="spacer battle-history"><br></div><div class="battle-history">Aetherl withdrew Excadrill!<br></div><div class="battle-history">Aetherl sent out <strong>cap27</strong>!<br></div><div class="spacer battle-history"><br></div><div class="battle-history">Spikemuth used <strong>Stealth Rock</strong>!<br></div><div class="battle-history"><small>Pointed stones float in the air around the opposing team!</small><br></div><div class="spacer battle-history"><br></div><div class="battle-history"><small>The sandstorm subsided.</small><br></div><div class="battle-history"><small>Spikemuth restored a little HP using its Leftovers!</small><br></div><div class="spacer battle-history"><br></div><h2 class="battle-history">Turn 53</h2><div class="spacer battle-history"><br></div><div class="battle-history">Spikemuth, come back!<br></div><div class="battle-history">Go! HAL (<strong>Rotom-Heat</strong>)!<br></div><div class="spacer battle-history"><br></div><div class="battle-history">The opposing cap27 used <strong>Thunder Wave</strong>!<br></div><div class="battle-history"><small>It doesn't affect HAL...</small><br></div><div class="spacer battle-history"><br></div><h2 class="battle-history">Turn 54</h2><div class="spacer battle-history"><br></div><div class="battle-history">The opposing cap27 used <strong>Spikes</strong>!<br></div><div class="battle-history"><small>Spikes were scattered on the ground all around your team!</small><br></div><div class="spacer battle-history"><br></div><div class="battle-history">HAL used <strong>Defog</strong>!<br></div><div class="battle-history"><small>The opposing cap27's evasiveness fell!</small><br></div><div class="battle-history"><small>The pointed stones disappeared from around the opposing team!</small><br></div><div class="battle-history"><small>The spikes disappeared from the ground around your team!</small><br></div><div class="battle-history"><small>The pointed stones disappeared from around your team!</small><br></div><div class="spacer battle-history"><br></div><h2 class="battle-history">Turn 55</h2><div class="spacer battle-history"><br></div><div class="battle-history">The opposing cap27 used <strong>Spikes</strong>!<br></div><div class="battle-history"><small>Spikes were scattered on the ground all around your team!</small><br></div><div class="spacer battle-history"><br></div><div class="battle-history">HAL used <strong>Nasty Plot</strong>!<br></div><div class="battle-history"><small>HAL's Sp. Atk rose sharply!</small><br></div><div class="spacer battle-history"><br></div><h2 class="battle-history">Turn 56</h2><div class="spacer battle-history"><br></div><div class="battle-history">The opposing cap27 used <strong>Dragon Claw</strong>!<br></div><div class="battle-history"><small>(HAL lost <abbr title="−112/304">36.8%</abbr> of its health!)</small><br></div><div class="spacer battle-history"><br></div><div class="battle-history">HAL used <strong>Volt Switch</strong>!<br></div><div class="battle-history"><small>It's not very effective...</small><br></div><div class="battle-history"><small>(The opposing cap27 lost 44% of its health!)</small><br></div><div class="spacer battle-history"><br></div><div class="battle-history">HAL went back to Deck Knight!<br></div><div class="battle-history">Go! Ugly (<strong>Clefable</strong>)!<br></div><div class="spacer battle-history"><br></div><div class="battle-history"><small>Ugly restored a little HP using its Leftovers!</small><br></div><div class="spacer battle-history"><br></div><h2 class="battle-history">Turn 57</h2><div class="spacer battle-history"><br></div><div class="battle-history">Aetherl withdrew cap27!<br></div><div class="battle-history">Aetherl sent out <strong>Krilowatt</strong>!<br></div><div class="spacer battle-history"><br></div><div class="battle-history">Ugly used <strong>Wish</strong>!<br></div><div class="spacer battle-history"><br></div><div class="battle-history"><small>Ugly restored a little HP using its Leftovers!</small><br></div><div class="spacer battle-history"><br></div><h2 class="battle-history">Turn 58</h2><div class="chat chatmessage-aetherl"><strong style="color:#2b829d"><small>☆</small><span class="username" data-name="Aetherl">Aetherl</span>:</strong> <em>misclick</em></div><div class="spacer battle-history"><br></div><div class="battle-history">Ugly used <strong>Protect</strong>!<br></div><div class="battle-history"><small>Ugly protected itself!</small><br></div><div class="spacer battle-history"><br></div><div class="battle-history">The opposing Krilowatt used <strong>Volt Switch</strong>!<br></div><div class="battle-history"><small>Ugly protected itself!</small><br></div><div class="spacer battle-history"><br></div><div class="battle-history"><small>Ugly's wish came true!</small><br></div><div class="spacer battle-history"><br></div><h2 class="battle-history">Turn 59</h2><div class="spacer battle-history"><br></div><div class="battle-history">The opposing Krilowatt used <strong>Volt Switch</strong>!<br></div><div class="battle-history"><small>(Ugly lost <abbr title="−75/394">19.0%</abbr> of its health!)</small><br></div><div class="spacer battle-history"><br></div><div class="battle-history">The opposing Krilowatt went back to Aetherl!<br></div><div class="battle-history">Aetherl sent out <strong>Hippowdon</strong>!<br></div><div class="battle-history">[The opposing Hippowdon's Sand Stream]<br><small>A sandstorm kicked up!</small><br></div><div class="spacer battle-history"><br></div><div class="battle-history">Ugly used <strong>Teleport</strong>!<br></div><div class="spacer battle-history"><br></div><div class="battle-history">Ugly, come back!<br></div><div class="battle-history">Go! Spikemuth (<strong>Ferrothorn</strong>)!<br></div><div class="battle-history"><small>Spikemuth was hurt by the spikes!</small><br></div><div class="spacer battle-history"><br></div><div class="battle-history"><small>(The sandstorm is raging.)</small><br></div><div class="battle-history"><small>The opposing Hippowdon restored a little HP using its Leftovers!</small><br></div><div class="battle-history"><small>Spikemuth restored a little HP using its Leftovers!</small><br></div><div class="battle-history"><small>The opposing Hippowdon was hurt by poison!</small><br></div><div class="spacer battle-history"><br></div><h2 class="battle-history">Turn 60</h2><div class="spacer battle-history"><br></div><div class="battle-history">The opposing Hippowdon used <strong>Stealth Rock</strong>!<br></div><div class="battle-history"><small>Pointed stones float in the air around your team!</small><br></div><div class="spacer battle-history"><br></div><div class="battle-history">Spikemuth used <strong>Stealth Rock</strong>!<br></div><div class="battle-history"><small>Pointed stones float in the air around the opposing team!</small><br></div><div class="spacer battle-history"><br></div><div class="battle-history"><small>(The sandstorm is raging.)</small><br></div><div class="battle-history"><small>The opposing Hippowdon restored a little HP using its Leftovers!</small><br></div><div class="battle-history"><small>Spikemuth restored a little HP using its Leftovers!</small><br></div><div class="battle-history"><small>The opposing Hippowdon was hurt by poison!</small><br></div><div class="spacer battle-history"><br></div><h2 class="battle-history">Turn 61</h2><div class="spacer battle-history"><br></div><div class="battle-history">Aetherl withdrew Hippowdon!<br></div><div class="battle-history">Aetherl sent out <strong>cap27</strong>!<br></div><div class="spacer battle-history"><br></div><div class="battle-history">Spikemuth used <strong>Leech Seed</strong>!<br></div><div class="battle-history"><small>The opposing cap27 was seeded!</small><br></div><div class="spacer battle-history"><br></div><div class="battle-history"><small>(The sandstorm is raging.)</small><br></div><div class="battle-history"><small>The opposing cap27 is buffeted by the sandstorm!</small><br></div><div class="battle-history"><small>Spikemuth restored a little HP using its Leftovers!</small><br></div><div class="battle-history"><small>The opposing cap27's health is sapped by Leech Seed!</small><br></div><div class="spacer battle-history"><br></div><h2 class="battle-history">Turn 62</h2><div class="spacer battle-history"><br></div><div class="battle-history">Aetherl withdrew cap27!<br></div><div class="battle-history">Aetherl sent out <strong>Clefable</strong>!<br></div><div class="spacer battle-history"><br></div><div class="battle-history">Spikemuth, come back!<br></div><div class="battle-history">Go! HAL (<strong>Rotom-Heat</strong>)!<br></div><div class="spacer battle-history"><br></div><div class="battle-history"><small>(The sandstorm is raging.)</small><br></div><div class="battle-history"><small>HAL is buffeted by the sandstorm!</small><br></div><div class="spacer battle-history"><br></div><h2 class="battle-history">Turn 63</h2><div class="spacer battle-history"><br></div><div class="battle-history">HAL used <strong>Defog</strong>!<br></div><div class="battle-history"><small>The opposing Clefable's evasiveness fell!</small><br></div><div class="battle-history"><small>The pointed stones disappeared from around the opposing team!</small><br></div><div class="battle-history"><small>The spikes disappeared from the ground around your team!</small><br></div><div class="battle-history"><small>The pointed stones disappeared from around your team!</small><br></div><div class="spacer battle-history"><br></div><div class="battle-history">The opposing Clefable used <strong>Teleport</strong>!<br></div><div class="spacer battle-history"><br></div><div class="battle-history">Aetherl withdrew Clefable!<br></div><div class="battle-history">Aetherl sent out <strong>cap27</strong>!<br></div><div class="spacer battle-history"><br></div><div class="battle-history"><small>The sandstorm subsided.</small><br></div><div class="spacer battle-history"><br></div><h2 class="battle-history">Turn 64</h2><div class="spacer battle-history"><br></div><div class="battle-history">HAL, come back!<br></div><div class="battle-history">Go! Ugly (<strong>Clefable</strong>)!<br></div><div class="spacer battle-history"><br></div><div class="battle-history">The opposing cap27 used <strong>Dragon Claw</strong>!<br></div><div class="battle-history"><small>It doesn't affect Ugly...</small><br></div><div class="spacer battle-history"><br></div><div class="battle-history"><small>Ugly restored a little HP using its Leftovers!</small><br></div><div class="spacer battle-history"><br></div><h2 class="battle-history">Turn 65</h2><div class="spacer battle-history"><br></div><div class="battle-history">The opposing cap27 used <strong>Thunder Wave</strong>!<br></div><div class="battle-history"><small>Ugly is paralyzed! It may be unable to move!</small><br></div><div class="spacer battle-history"><br></div><div class="battle-history">Ugly used <strong>Wish</strong>!<br></div><div class="spacer battle-history"><br></div><div class="battle-history"><small>Ugly restored a little HP using its Leftovers!</small><br></div><div class="spacer battle-history"><br></div><h2 class="battle-history">Turn 66</h2><div class="spacer battle-history"><br></div><div class="battle-history">Ugly, come back!<br></div><div class="battle-history">Go! HAL (<strong>Rotom-Heat</strong>)!<br></div><div class="spacer battle-history"><br></div><div class="battle-history">The opposing cap27 used <strong>Spikes</strong>!<br></div><div class="battle-history"><small>Spikes were scattered on the ground all around your team!</small><br></div><div class="spacer battle-history"><br></div><div class="battle-history"><small>Ugly's wish came true!</small><br></div><div class="spacer battle-history"><br></div><h2 class="battle-history">Turn 67</h2><div class="spacer battle-history"><br></div><div class="battle-history">The opposing cap27 used <strong>Dragon Claw</strong>!<br></div><div class="battle-history"><small>(HAL lost <abbr title="−111/304">36.5%</abbr> of its health!)</small><br></div><div class="spacer battle-history"><br></div><div class="battle-history">HAL used <strong>Defog</strong>!<br></div><div class="battle-history"><small>The opposing cap27's evasiveness fell!</small><br></div><div class="battle-history"><small>The spikes disappeared from the ground around your team!</small><br></div><div class="spacer battle-history"><br></div><h2 class="battle-history">Turn 68</h2><div class="spacer battle-history"><br></div><div class="battle-history">HAL, come back!<br></div><div class="battle-history">Go! Jack Sparrow (<strong>Arghonaut</strong>)!<br></div><div class="spacer battle-history"><br></div><div class="battle-history">The opposing cap27 used <strong>Dragon Claw</strong>!<br></div><div class="battle-history"><small>(Jack Sparrow lost <abbr title="−121/414">29.2%</abbr> of its health!)</small><br></div><div class="spacer battle-history"><br></div><div class="battle-history"><small>Jack Sparrow restored a little HP using its Leftovers!</small><br></div><div class="spacer battle-history"><br></div><h2 class="battle-history">Turn 69</h2><div class="spacer battle-history"><br></div><div class="battle-history">Aetherl withdrew cap27!<br></div><div class="battle-history">Aetherl sent out <strong>Clefable</strong>!<br></div><div class="spacer battle-history"><br></div><div class="battle-history">Jack Sparrow used <strong>Knock Off</strong>!<br></div><div class="battle-history"><small>It's not very effective...</small><br></div><div class="battle-history"><small>(The opposing Clefable lost 8% of its health!)</small><br></div><div class="spacer battle-history"><br></div><div class="battle-history"><small>Jack Sparrow restored a little HP using its Leftovers!</small><br></div><div class="spacer battle-history"><br></div><h2 class="battle-history">Turn 70</h2><div class="chat chatmessage-aetherl"><strong style="color:#2b829d"><small>☆</small><span class="username" data-name="Aetherl">Aetherl</span>:</strong> <em>hmmm</em></div><div class="chat chatmessage-aetherl"><strong style="color:#2b829d"><small>☆</small><span class="username" data-name="Aetherl">Aetherl</span>:</strong> <em>gg</em></div><div class="chat chatmessage-aetherl"><strong style="color:#2b829d"><small>☆</small><span class="username" data-name="Aetherl">Aetherl</span>:</strong> <em>wp</em></div><div class="spacer battle-history"><br></div><div class="battle-history"><small>Aetherl forfeited.</small><br></div><div class="spacer battle-history"><br></div><div class="battle-history"><strong>Deck Knight</strong> won the battle!<br></div><div class="chat"><small>☆Aetherl left.</small></div></div><div class="inner-preempt message-log"></div></div></div>
</div>
<script>
let daily = Math.floor(Date.now()/1000/60/60/24);document.write('<script src="https://play.pokemonshowdown.com/js/replay-embed.js?version'+daily+'"></'+'script>');
</script>
