<!DOCTYPE html>
<meta charset="utf-8" />
<!-- version 1 -->
<title>[Gen 8] CAP replay: mxmts vs. Deck Knight</title>
<style>
html,body {font-family:Verdana, sans-serif;font-size:10pt;margin:0;padding:0;}body{padding:12px 0;} .battle-log {font-family:Verdana, sans-serif;font-size:10pt;} .battle-log-inline {border:1px solid #AAAAAA;background:#EEF2F5;color:black;max-width:640px;margin:0 auto 80px;padding-bottom:5px;} .battle-log .inner {padding:4px 8px 0px 8px;} .battle-log .inner-preempt {padding:0 8px 4px 8px;} .battle-log .inner-after {margin-top:0.5em;} .battle-log h2 {margin:0.5em -8px;padding:4px 8px;border:1px solid #AAAAAA;background:#E0E7EA;border-left:0;border-right:0;font-family:Verdana, sans-serif;font-size:13pt;} .battle-log .chat {vertical-align:middle;padding:3px 0 3px 0;font-size:8pt;} .battle-log .chat strong {color:#40576A;} .battle-log .chat em {padding:1px 4px 1px 3px;color:#000000;font-style:normal;} .chat.mine {background:rgba(0,0,0,0.05);margin-left:-8px;margin-right:-8px;padding-left:8px;padding-right:8px;} .spoiler {color:#BBBBBB;background:#BBBBBB;padding:0px 3px;} .spoiler:hover, .spoiler:active, .spoiler-shown {color:#000000;background:#E2E2E2;padding:0px 3px;} .spoiler a {color:#BBBBBB;} .spoiler:hover a, .spoiler:active a, .spoiler-shown a {color:#2288CC;} .chat code, .chat .spoiler:hover code, .chat .spoiler:active code, .chat .spoiler-shown code {border:1px solid #C0C0C0;background:#EEEEEE;color:black;padding:0 2px;} .chat .spoiler code {border:1px solid #CCCCCC;background:#CCCCCC;color:#CCCCCC;} .battle-log .rated {padding:3px 4px;} .battle-log .rated strong {color:white;background:#89A;padding:1px 4px;border-radius:4px;} .spacer {margin-top:0.5em;} .message-announce {background:#6688AA;color:white;padding:1px 4px 2px;} .message-announce a, .broadcast-green a, .broadcast-blue a, .broadcast-red a {color:#DDEEFF;} .broadcast-green {background-color:#559955;color:white;padding:2px 4px;} .broadcast-blue {background-color:#6688AA;color:white;padding:2px 4px;} .infobox {border:1px solid #6688AA;padding:2px 4px;} .infobox-limited {max-height:200px;overflow:auto;overflow-x:hidden;} .broadcast-red {background-color:#AA5544;color:white;padding:2px 4px;} .message-learn-canlearn {font-weight:bold;color:#228822;text-decoration:underline;} .message-learn-cannotlearn {font-weight:bold;color:#CC2222;text-decoration:underline;} .message-effect-weak {font-weight:bold;color:#CC2222;} .message-effect-resist {font-weight:bold;color:#6688AA;} .message-effect-immune {font-weight:bold;color:#666666;} .message-learn-list {margin-top:0;margin-bottom:0;} .message-throttle-notice, .message-error {color:#992222;} .message-overflow, .chat small.message-overflow {font-size:0pt;} .message-overflow::before {font-size:9pt;content:'...';} .subtle {color:#3A4A66;}
</style>
<div class="wrapper replay-wrapper" style="max-width:1180px;margin:0 auto">
<input type="hidden" name="replayid" value="unregisteredserver-gen8cap-171" />
<div class="battle"></div><div class="battle-log"></div><div class="replay-controls"></div><div class="replay-controls-2"></div>
<h1 style="font-weight:normal;text-align:center"><strong>[Gen 8] CAP</strong><br /><a href="http://pokemonshowdown.com/users/mxmts" class="subtle" target="_blank">mxmts</a> vs. <a href="http://pokemonshowdown.com/users/deckknight" class="subtle" target="_blank">Deck Knight</a></h1>
<script type="text/plain" class="battle-log-data">|j|☆mxmts
|j|☆Deck Knight


|player|p1|mxmts|ethan|


|player|p2|Deck Knight|gambler|
|teamsize|p1|6
|teamsize|p2|6
|gametype|singles
|gen|8
|tier|[Gen 8] CAP
|clearpoke
|poke|p1|Corviknight, M|
|poke|p1|Tomohawk, M|
|poke|p1|Clefable, M|
|poke|p1|Zeraora|
|poke|p1|cap27, M|
|poke|p1|Jumbao, F|
|poke|p2|cap27, F|
|poke|p2|Pyroak, M|
|poke|p2|Dracovish|
|poke|p2|Venusaur, M|
|poke|p2|Mew|
|poke|p2|Toxapex, F|
|rule|Sleep Clause Mod: Limit one foe put to sleep
|rule|Species Clause: Limit one of each Pokémon
|rule|OHKO Clause: OHKO moves are banned
|rule|Evasion Moves Clause: Evasion moves are banned
|rule|Endless Battle Clause: Forcing endless battles is banned
|rule|HP Percentage Mod: HP is shown in percentages
|rule|Dynamax Clause: You cannot dynamax
|teampreview


|c|☆mxmts|gl hf


|c|☆Deck Knight|u2


|j| Aetherl


|
|start
|switch|p1a: Zeraora|Zeraora|100\/100
|switch|p2a: Dee 'N Ayy|Mew|404\/404
|turn|1


|
|switch|p2a: Brute Root|Venusaur, M|364\/364
|move|p1a: Zeraora|Knock Off|p2a: Brute Root
|-damage|p2a: Brute Root|247\/364
|-enditem|p2a: Brute Root|Black Sludge|[from] move: Knock Off|[of] p1a: Zeraora
|-damage|p1a: Zeraora|91\/100|[from] item: Life Orb
|
|upkeep
|turn|2


|
|switch|p1a: cap27|cap27, M|100\/100
|move|p2a: Brute Root|Sleep Powder|p1a: cap27|[miss]
|-miss|p2a: Brute Root|p1a: cap27
|
|upkeep
|turn|3


|
|switch|p2a: Jungle Fever|Pyroak, M|442\/442
|move|p1a: cap27|Fire Lash|p2a: Jungle Fever
|-damage|p2a: Jungle Fever|308\/442
|-damage|p1a: cap27|91\/100|[from] item: Life Orb
|
|-heal|p2a: Jungle Fever|335\/442|[from] item: Leftovers
|upkeep
|turn|4


|
|switch|p1a: Tomohawk|Tomohawk, M|100\/100
|-ability|p1a: Tomohawk|Intimidate|boost
|-fail|p2a: Jungle Fever|unboost|[from] ability: White Smoke|[of] p2a: Jungle Fever
|move|p2a: Jungle Fever|Earth Power|p1a: Tomohawk
|-immune|p1a: Tomohawk
|
|-heal|p2a: Jungle Fever|362\/442|[from] item: Leftovers
|upkeep
|turn|5


|
|switch|p2a: Dee 'N Ayy|Mew|404\/404
|move|p1a: Tomohawk|Stealth Rock|p2a: Dee 'N Ayy
|-sidestart|p2: Deck Knight|move: Stealth Rock
|
|upkeep
|turn|6


|
|switch|p1a: cap27|cap27, M|100\/100
|move|p2a: Dee 'N Ayy|Stealth Rock|p1a: cap27
|-sidestart|p1: mxmts|move: Stealth Rock
|
|upkeep
|turn|7


|
|move|p1a: cap27|Knock Off|p2a: Dee 'N Ayy
|-supereffective|p2a: Dee 'N Ayy
|-damage|p2a: Dee 'N Ayy|212\/404
|-enditem|p2a: Dee 'N Ayy|Lum Berry|[from] move: Knock Off|[of] p1a: cap27
|-damage|p1a: cap27|91\/100|[from] item: Life Orb
|move|p2a: Dee 'N Ayy|Psychic|p1a: cap27
|-damage|p1a: cap27|46\/100
|
|upkeep
|turn|8


|
|move|p1a: cap27|Flare Blitz|p2a: Dee 'N Ayy
|-damage|p2a: Dee 'N Ayy|5\/404
|-damage|p1a: cap27|27\/100|[from] Recoil
|-damage|p1a: cap27|17\/100|[from] item: Life Orb
|move|p2a: Dee 'N Ayy|Soft-Boiled|p2a: Dee 'N Ayy
|-heal|p2a: Dee 'N Ayy|207\/404
|
|upkeep
|turn|9


|
|switch|p1a: Clefable|Clefable, M|100\/100
|move|p2a: Dee 'N Ayy|Soft-Boiled|p2a: Dee 'N Ayy
|-heal|p2a: Dee 'N Ayy|404\/404
|
|upkeep
|turn|10


|
|switch|p2a: Brute Root|Venusaur, M|247\/364
|-damage|p2a: Brute Root|202\/364|[from] Stealth Rock
|move|p1a: Clefable|Wish|p1a: Clefable
|
|upkeep
|turn|11


|
|switch|p1a: Corviknight|Corviknight, M|100\/100
|-damage|p1a: Corviknight|88\/100|[from] Stealth Rock
|-ability|p1a: Corviknight|Pressure
|move|p2a: Brute Root|Sleep Powder|p1a: Corviknight
|-status|p1a: Corviknight|slp|[from] move: Sleep Powder
|
|-heal|p1a: Corviknight|100\/100 slp|[from] move: Wish|[wisher] Clefable
|upkeep
|turn|12


|
|switch|p2a: Qi-Gon Djinn|cap27, F|357\/357
|switch|p1a: Tomohawk|Tomohawk, M|100\/100
|-damage|p1a: Tomohawk|88\/100|[from] Stealth Rock
|-ability|p1a: Tomohawk|Intimidate|boost
|-unboost|p2a: Qi-Gon Djinn|atk|1
|
|-heal|p1a: Tomohawk|94\/100|[from] item: Leftovers
|upkeep
|turn|13


|
|move|p2a: Qi-Gon Djinn|Rapid Spin|p1a: Tomohawk
|-damage|p1a: Tomohawk|86\/100
|-boost|p2a: Qi-Gon Djinn|spe|1
|-sideend|p2: Deck Knight|Stealth Rock|[from] move: Rapid Spin|[of] p2a: Qi-Gon Djinn
|move|p1a: Tomohawk|Hurricane|p2a: Qi-Gon Djinn|[miss]
|-miss|p1a: Tomohawk|p2a: Qi-Gon Djinn
|
|-heal|p1a: Tomohawk|92\/100|[from] item: Leftovers
|upkeep
|turn|14


|
|switch|p2a: Dee 'N Ayy|Mew|404\/404
|move|p1a: Tomohawk|Hurricane|p2a: Dee 'N Ayy
|-damage|p2a: Dee 'N Ayy|251\/404
|
|-heal|p1a: Tomohawk|98\/100|[from] item: Leftovers
|upkeep
|turn|15


|
|switch|p1a: Corviknight|Corviknight, M|100\/100 slp
|-damage|p1a: Corviknight|88\/100 slp|[from] Stealth Rock
|-ability|p1a: Corviknight|Pressure
|move|p2a: Dee 'N Ayy|Psychic|p1a: Corviknight
|-resisted|p1a: Corviknight
|-damage|p1a: Corviknight|77\/100 slp
|
|-heal|p1a: Corviknight|83\/100 slp|[from] item: Leftovers
|upkeep
|turn|16


|
|switch|p2a: Qi-Gon Djinn|cap27, F|357\/357
|cant|p1a: Corviknight|slp
|
|-heal|p1a: Corviknight|89\/100 slp|[from] item: Leftovers
|upkeep
|turn|17


|
|switch|p1a: Tomohawk|Tomohawk, M|98\/100
|-damage|p1a: Tomohawk|86\/100|[from] Stealth Rock
|-ability|p1a: Tomohawk|Intimidate|boost
|-unboost|p2a: Qi-Gon Djinn|atk|1
|move|p2a: Qi-Gon Djinn|Fire Lash|p1a: Tomohawk
|-damage|p1a: Tomohawk|67\/100
|-unboost|p1a: Tomohawk|def|1
|
|-heal|p1a: Tomohawk|73\/100|[from] item: Leftovers
|upkeep
|turn|18


|
|switch|p1a: Clefable|Clefable, M|100\/100
|move|p2a: Qi-Gon Djinn|Fire Lash|p1a: Clefable
|-damage|p1a: Clefable|73\/100
|-unboost|p1a: Clefable|def|1
|
|-heal|p1a: Clefable|79\/100|[from] item: Leftovers
|upkeep
|turn|19


|
|move|p1a: Clefable|Protect|p1a: Clefable
|-singleturn|p1a: Clefable|Protect
|move|p2a: Qi-Gon Djinn|Flare Blitz|p1a: Clefable
|-activate|p1a: Clefable|move: Protect
|
|-heal|p1a: Clefable|85\/100|[from] item: Leftovers
|upkeep
|turn|20


|
|switch|p1a: Tomohawk|Tomohawk, M|73\/100
|-damage|p1a: Tomohawk|61\/100|[from] Stealth Rock
|-ability|p1a: Tomohawk|Intimidate|boost
|-unboost|p2a: Qi-Gon Djinn|atk|1
|move|p2a: Qi-Gon Djinn|Flare Blitz|p1a: Tomohawk
|-damage|p1a: Tomohawk|38\/100
|-damage|p2a: Qi-Gon Djinn|326\/357|[from] Recoil
|
|-heal|p1a: Tomohawk|44\/100|[from] item: Leftovers
|upkeep
|turn|21


|
|switch|p2a: Dee 'N Ayy|Mew|251\/404
|move|p1a: Tomohawk|Roost|p1a: Tomohawk
|-heal|p1a: Tomohawk|94\/100
|-singleturn|p1a: Tomohawk|move: Roost
|
|-heal|p1a: Tomohawk|99\/100|[from] item: Leftovers
|upkeep
|turn|22


|
|switch|p1a: Corviknight|Corviknight, M|89\/100 slp
|-damage|p1a: Corviknight|77\/100 slp|[from] Stealth Rock
|-ability|p1a: Corviknight|Pressure
|move|p2a: Dee 'N Ayy|Psychic|p1a: Corviknight
|-resisted|p1a: Corviknight
|-damage|p1a: Corviknight|67\/100 slp
|
|-heal|p1a: Corviknight|73\/100 slp|[from] item: Leftovers
|upkeep
|turn|23


|
|move|p2a: Dee 'N Ayy|Flamethrower|p1a: Corviknight
|-supereffective|p1a: Corviknight
|-damage|p1a: Corviknight|45\/100 slp
|cant|p1a: Corviknight|slp
|
|-heal|p1a: Corviknight|51\/100 slp|[from] item: Leftovers
|upkeep
|turn|24


|
|switch|p2a: Qi-Gon Djinn|cap27, F|357\/357
|-curestatus|p1a: Corviknight|slp|[msg]
|move|p1a: Corviknight|Roost|p1a: Corviknight
|-heal|p1a: Corviknight|100\/100
|-singleturn|p1a: Corviknight|move: Roost
|
|upkeep
|turn|25


|
|switch|p1a: Tomohawk|Tomohawk, M|99\/100
|-damage|p1a: Tomohawk|88\/100|[from] Stealth Rock
|-ability|p1a: Tomohawk|Intimidate|boost
|-unboost|p2a: Qi-Gon Djinn|atk|1
|move|p2a: Qi-Gon Djinn|Fire Lash|p1a: Tomohawk
|-damage|p1a: Tomohawk|67\/100
|-unboost|p1a: Tomohawk|def|1
|
|-heal|p1a: Tomohawk|73\/100|[from] item: Leftovers
|upkeep
|turn|26


|
|move|p2a: Qi-Gon Djinn|Fire Lash|p1a: Tomohawk
|-damage|p1a: Tomohawk|46\/100
|-unboost|p1a: Tomohawk|def|1
|move|p1a: Tomohawk|Stealth Rock|p2a: Qi-Gon Djinn
|-sidestart|p2: Deck Knight|move: Stealth Rock
|
|-heal|p1a: Tomohawk|52\/100|[from] item: Leftovers
|upkeep
|turn|27


|
|switch|p1a: Clefable|Clefable, M|85\/100
|move|p2a: Qi-Gon Djinn|Flare Blitz|p1a: Clefable
|-damage|p1a: Clefable|41\/100
|-status|p1a: Clefable|brn
|-damage|p2a: Qi-Gon Djinn|299\/357|[from] Recoil
|
|-heal|p1a: Clefable|47\/100 brn|[from] item: Leftovers
|upkeep
|turn|28


|
|switch|p2a: Brute Root|Venusaur, M|202\/364
|-damage|p2a: Brute Root|157\/364|[from] Stealth Rock
|move|p1a: Clefable|Protect||[still]
|-fail|p1a: Clefable
|
|-heal|p1a: Clefable|53\/100 brn|[from] item: Leftovers
|upkeep
|turn|29


|
|switch|p1a: Jumbao|Jumbao, F|100\/100
|-damage|p1a: Jumbao|88\/100|[from] Stealth Rock
|-ability|p1a: Jumbao|Overgrow|[from] ability: Trace|[of] p2a: Brute Root
|move|p2a: Brute Root|Sludge Bomb|p1a: Jumbao
|-supereffective|p1a: Jumbao
|-damage|p1a: Jumbao|0 fnt
|faint|p1a: Jumbao
|
|upkeep


|
|switch|p1a: cap27|cap27, M|51\/100
|-damage|p1a: cap27|26\/100|[from] Stealth Rock
|turn|30


|
|switch|p2a: Jungle Fever|Pyroak, M|362\/442
|-damage|p2a: Jungle Fever|252\/442|[from] Stealth Rock
|move|p1a: cap27|Flare Blitz|p2a: Jungle Fever
|-damage|p2a: Jungle Fever|75\/442
|-damage|p1a: cap27|9\/100|[from] Recoil
|-damage|p1a: cap27|0 fnt|[from] item: Life Orb
|faint|p1a: cap27
|
|-heal|p2a: Jungle Fever|102\/442|[from] item: Leftovers
|upkeep


|
|switch|p1a: Zeraora|Zeraora|91\/100
|-damage|p1a: Zeraora|78\/100|[from] Stealth Rock
|turn|31


|
|move|p1a: Zeraora|Knock Off|p2a: Jungle Fever
|-damage|p2a: Jungle Fever|0 fnt
|-enditem|p2a: Jungle Fever|Leftovers|[from] move: Knock Off|[of] p1a: Zeraora
|-damage|p1a: Zeraora|69\/100|[from] item: Life Orb
|faint|p2a: Jungle Fever
|
|upkeep


|
|switch|p2a: Qi-Gon Djinn|cap27, F|357\/357
|turn|32


|
|move|p1a: Zeraora|Knock Off|p2a: Qi-Gon Djinn
|-damage|p2a: Qi-Gon Djinn|180\/357
|-enditem|p2a: Qi-Gon Djinn|Heavy-Duty Boots|[from] move: Knock Off|[of] p1a: Zeraora
|-damage|p1a: Zeraora|59\/100|[from] item: Life Orb
|move|p2a: Qi-Gon Djinn|Rapid Spin|p1a: Zeraora
|-damage|p1a: Zeraora|39\/100
|-boost|p2a: Qi-Gon Djinn|spe|1
|-sideend|p2: Deck Knight|Stealth Rock|[from] move: Rapid Spin|[of] p2a: Qi-Gon Djinn
|
|upkeep
|turn|33


|j| pip7


|
|switch|p1a: Tomohawk|Tomohawk, M|52\/100
|-damage|p1a: Tomohawk|39\/100|[from] Stealth Rock
|-ability|p1a: Tomohawk|Intimidate|boost
|-unboost|p2a: Qi-Gon Djinn|atk|1
|move|p2a: Qi-Gon Djinn|Fire Lash|p1a: Tomohawk
|-damage|p1a: Tomohawk|18\/100
|-unboost|p1a: Tomohawk|def|1
|
|-heal|p1a: Tomohawk|24\/100|[from] item: Leftovers
|upkeep
|turn|34


|
|switch|p1a: Clefable|Clefable, M|53\/100 brn
|move|p2a: Qi-Gon Djinn|Fire Lash|p1a: Clefable
|-damage|p1a: Clefable|26\/100 brn
|-unboost|p1a: Clefable|def|1
|
|-heal|p1a: Clefable|32\/100 brn|[from] item: Leftovers
|upkeep
|turn|35


|
|move|p1a: Clefable|Protect|p1a: Clefable
|-singleturn|p1a: Clefable|Protect
|move|p2a: Qi-Gon Djinn|Flare Blitz|p1a: Clefable
|-activate|p1a: Clefable|move: Protect
|
|-heal|p1a: Clefable|38\/100 brn|[from] item: Leftovers
|upkeep
|turn|36


|
|move|p2a: Qi-Gon Djinn|Flare Blitz|p1a: Clefable
|-damage|p1a: Clefable|0 fnt
|-damage|p2a: Qi-Gon Djinn|131\/357|[from] Recoil
|faint|p1a: Clefable
|
|upkeep


|
|switch|p1a: Tomohawk|Tomohawk, M|24\/100
|-damage|p1a: Tomohawk|11\/100|[from] Stealth Rock
|-ability|p1a: Tomohawk|Intimidate|boost
|-unboost|p2a: Qi-Gon Djinn|atk|1
|turn|37


|
|move|p2a: Qi-Gon Djinn|Flare Blitz|p1a: Tomohawk
|-damage|p1a: Tomohawk|0 fnt
|-damage|p2a: Qi-Gon Djinn|116\/357|[from] Recoil
|faint|p1a: Tomohawk
|
|upkeep


|
|switch|p1a: Zeraora|Zeraora|39\/100
|-damage|p1a: Zeraora|27\/100|[from] Stealth Rock
|turn|38


|
|move|p2a: Qi-Gon Djinn|Fire Lash|p1a: Zeraora
|-damage|p1a: Zeraora|4\/100
|-unboost|p1a: Zeraora|def|1
|move|p1a: Zeraora|Knock Off|p2a: Qi-Gon Djinn
|-damage|p2a: Qi-Gon Djinn|6\/357
|-damage|p1a: Zeraora|0 fnt|[from] item: Life Orb
|faint|p1a: Zeraora
|
|upkeep


|c|☆mxmts|gg


|
|switch|p1a: Corviknight|Corviknight, M|100\/100
|-damage|p1a: Corviknight|88\/100|[from] Stealth Rock
|-ability|p1a: Corviknight|Pressure
|turn|39


|c|☆Deck Knight|gg


|
|move|p2a: Qi-Gon Djinn|Flare Blitz|p1a: Corviknight
|-supereffective|p1a: Corviknight
|-damage|p1a: Corviknight|46\/100
|-damage|p2a: Qi-Gon Djinn|0 fnt|[from] Recoil
|faint|p2a: Qi-Gon Djinn
|move|p1a: Corviknight|Iron Head|p2: Qi-Gon Djinn|[notarget]
|-fail|p1a: Corviknight
|
|-heal|p1a: Corviknight|52\/100|[from] item: Leftovers
|upkeep


|
|switch|p2a: Dunclosaur|Dracovish|321\/321
|turn|40


|
|move|p2a: Dunclosaur|Fishious Rend|p1a: Corviknight
|-damage|p1a: Corviknight|0 fnt
|faint|p1a: Corviknight
|
|win|Deck Knight


|l|☆mxmts


|l| Aetherl
</script>
</div>
<div class="battle-log battle-log-inline"><div class="inner"><div class="battle-options"><div style="padding-top: 3px; padding-right: 3px; text-align: right"><button class="icon button" name="openBattleOptions" title="Options">Battle Options</button></div></div><div class="inner message-log"><div class="chat"><small>☆mxmts joined.</small></div><div class="chat"><small>☆Deck Knight joined.</small></div><div class=""><small>Format:</small> <br><strong>[Gen 8] CAP</strong></div><div class=""><small><em>Sleep Clause Mod:</em> Limit one foe put to sleep</small></div><div class=""><small><em>Species Clause:</em> Limit one of each Pokémon</small></div><div class=""><small><em>OHKO Clause:</em> OHKO moves are banned</small></div><div class=""><small><em>Evasion Moves Clause:</em> Evasion moves are banned</small></div><div class=""><small><em>Endless Battle Clause:</em> Forcing endless battles is banned</small></div><div class=""><small><em>HP Percentage Mod:</em> HP is shown in percentages</small></div><div class=""><small><em>Dynamax Clause:</em> You cannot dynamax</small></div><div class="chat battle-history"><strong>Deck Knight's team:</strong> <em style="color:#445566;display:block;">cap27 / Pyroak / Dracovish / Venusaur / Mew / Toxapex</em></div><div class="chat battle-history"><strong>mxmts's team:</strong> <em style="color:#445566;display:block;">Corviknight / Tomohawk / Clefable / Zeraora / cap27 / Jumbao</em></div><div class="chat chatmessage-mxmts"><strong style="color:#757dcc"><small>☆</small><span class="username" data-name="mxmts">mxmts</span>:</strong> <em>gl hf</em></div><div class="chat chatmessage-deckknight mine"><strong style="color:#3e73d0"><small>☆</small><span class="username" data-name="Deck Knight">Deck Knight</span>:</strong> <em>u2</em></div><div class="chat"><small> Aetherl joined.</small></div><div class="spacer battle-history"><br></div><div class="battle-history">Battle started between mxmts and Deck Knight!<br></div><div class="spacer battle-history"><br></div><div class="battle-history">mxmts sent out <strong>Zeraora</strong>!<br></div><div class="spacer battle-history"><br></div><div class="battle-history">Go! Dee 'N Ayy (<strong>Mew</strong>)!<br></div><div class="spacer battle-history"><br></div><h2 class="battle-history">Turn 1</h2><div class="spacer battle-history"><br></div><div class="battle-history">Dee 'N Ayy, come back!<br></div><div class="battle-history">Go! Brute Root (<strong>Venusaur</strong>)!<br></div><div class="spacer battle-history"><br></div><div class="battle-history">The opposing Zeraora used <strong>Knock Off</strong>!<br></div><div class="battle-history"><small>(Brute Root lost <abbr title="−117/364">32.1%</abbr> of its health!)</small><br></div><div class="battle-history"><small>The opposing Zeraora knocked off Brute Root's Black Sludge!</small><br></div><div class="battle-history"><small>The opposing Zeraora lost some of its HP!</small><br></div><div class="spacer battle-history"><br></div><h2 class="battle-history">Turn 2</h2><div class="spacer battle-history"><br></div><div class="battle-history">mxmts withdrew Zeraora!<br></div><div class="battle-history">mxmts sent out <strong>cap27</strong>!<br></div><div class="spacer battle-history"><br></div><div class="battle-history">Brute Root used <strong>Sleep Powder</strong>!<br></div><div class="battle-history"><small>The opposing cap27 avoided the attack!</small><br></div><div class="spacer battle-history"><br></div><h2 class="battle-history">Turn 3</h2><div class="spacer battle-history"><br></div><div class="battle-history">Brute Root, come back!<br></div><div class="battle-history">Go! Jungle Fever (<strong>Pyroak</strong>)!<br></div><div class="spacer battle-history"><br></div><div class="battle-history">The opposing cap27 used <strong>Fire Lash</strong>!<br></div><div class="battle-history"><small>(Jungle Fever lost <abbr title="−134/442">30.3%</abbr> of its health!)</small><br></div><div class="battle-history"><small>The opposing cap27 lost some of its HP!</small><br></div><div class="spacer battle-history"><br></div><div class="battle-history"><small>Jungle Fever restored a little HP using its Leftovers!</small><br></div><div class="spacer battle-history"><br></div><h2 class="battle-history">Turn 4</h2><div class="spacer battle-history"><br></div><div class="battle-history">mxmts withdrew cap27!<br></div><div class="battle-history">mxmts sent out <strong>Tomohawk</strong>!<br></div><div class="battle-history">[The opposing Tomohawk's Intimidate]<br></div><div class="battle-history">[Jungle Fever's White Smoke]<br><small>Jungle Fever's stats were not lowered!</small><br></div><div class="spacer battle-history"><br></div><div class="battle-history">Jungle Fever used <strong>Earth Power</strong>!<br></div><div class="battle-history"><small>It doesn't affect the opposing Tomohawk...</small><br></div><div class="spacer battle-history"><br></div><div class="battle-history"><small>Jungle Fever restored a little HP using its Leftovers!</small><br></div><div class="spacer battle-history"><br></div><h2 class="battle-history">Turn 5</h2><div class="spacer battle-history"><br></div><div class="battle-history">Jungle Fever, come back!<br></div><div class="battle-history">Go! Dee 'N Ayy (<strong>Mew</strong>)!<br></div><div class="spacer battle-history"><br></div><div class="battle-history">The opposing Tomohawk used <strong>Stealth Rock</strong>!<br></div><div class="battle-history"><small>Pointed stones float in the air around your team!</small><br></div><div class="spacer battle-history"><br></div><h2 class="battle-history">Turn 6</h2><div class="spacer battle-history"><br></div><div class="battle-history">mxmts withdrew Tomohawk!<br></div><div class="battle-history">mxmts sent out <strong>cap27</strong>!<br></div><div class="spacer battle-history"><br></div><div class="battle-history">Dee 'N Ayy used <strong>Stealth Rock</strong>!<br></div><div class="battle-history"><small>Pointed stones float in the air around the opposing team!</small><br></div><div class="spacer battle-history"><br></div><h2 class="battle-history">Turn 7</h2><div class="spacer battle-history"><br></div><div class="battle-history">The opposing cap27 used <strong>Knock Off</strong>!<br></div><div class="battle-history"><small>It's super effective!</small><br></div><div class="battle-history"><small>(Dee 'N Ayy lost <abbr title="−192/404">47.5%</abbr> of its health!)</small><br></div><div class="battle-history"><small>The opposing cap27 knocked off Dee 'N Ayy's Lum Berry!</small><br></div><div class="battle-history"><small>The opposing cap27 lost some of its HP!</small><br></div><div class="spacer battle-history"><br></div><div class="battle-history">Dee 'N Ayy used <strong>Psychic</strong>!<br></div><div class="battle-history"><small>(The opposing cap27 lost 45% of its health!)</small><br></div><div class="spacer battle-history"><br></div><h2 class="battle-history">Turn 8</h2><div class="spacer battle-history"><br></div><div class="battle-history">The opposing cap27 used <strong>Flare Blitz</strong>!<br></div><div class="battle-history"><small>(Dee 'N Ayy lost <abbr title="−207/404">51.2%</abbr> of its health!)</small><br></div><div class="battle-history"><small>The opposing cap27 was damaged by the recoil!</small><br></div><div class="battle-history"><small>The opposing cap27 lost some of its HP!</small><br></div><div class="spacer battle-history"><br></div><div class="battle-history">Dee 'N Ayy used <strong>Soft-Boiled</strong>!<br></div><div class="battle-history"><small>Dee 'N Ayy had its HP restored.</small><br></div><div class="spacer battle-history"><br></div><h2 class="battle-history">Turn 9</h2><div class="spacer battle-history"><br></div><div class="battle-history">mxmts withdrew cap27!<br></div><div class="battle-history">mxmts sent out <strong>Clefable</strong>!<br></div><div class="spacer battle-history"><br></div><div class="battle-history">Dee 'N Ayy used <strong>Soft-Boiled</strong>!<br></div><div class="battle-history"><small>Dee 'N Ayy had its HP restored.</small><br></div><div class="spacer battle-history"><br></div><h2 class="battle-history">Turn 10</h2><div class="spacer battle-history"><br></div><div class="battle-history">Dee 'N Ayy, come back!<br></div><div class="battle-history">Go! Brute Root (<strong>Venusaur</strong>)!<br></div><div class="battle-history"><small>Pointed stones dug into Brute Root!</small><br></div><div class="spacer battle-history"><br></div><div class="battle-history">The opposing Clefable used <strong>Wish</strong>!<br></div><div class="spacer battle-history"><br></div><h2 class="battle-history">Turn 11</h2><div class="spacer battle-history"><br></div><div class="battle-history">mxmts withdrew Clefable!<br></div><div class="battle-history">mxmts sent out <strong>Corviknight</strong>!<br></div><div class="battle-history"><small>Pointed stones dug into the opposing Corviknight!</small><br></div><div class="battle-history">[The opposing Corviknight's Pressure]<br><small>The opposing Corviknight is exerting its pressure!</small><br></div><div class="spacer battle-history"><br></div><div class="battle-history">Brute Root used <strong>Sleep Powder</strong>!<br></div><div class="battle-history"><small>The opposing Corviknight fell asleep!</small><br></div><div class="spacer battle-history"><br></div><div class="battle-history"><small>Clefable's wish came true!</small><br></div><div class="spacer battle-history"><br></div><h2 class="battle-history">Turn 12</h2><div class="spacer battle-history"><br></div><div class="battle-history">Brute Root, come back!<br></div><div class="battle-history">Go! Qi-Gon Djinn (<strong>cap27</strong>)!<br></div><div class="spacer battle-history"><br></div><div class="battle-history">mxmts withdrew Corviknight!<br></div><div class="battle-history">mxmts sent out <strong>Tomohawk</strong>!<br></div><div class="battle-history"><small>Pointed stones dug into the opposing Tomohawk!</small><br></div><div class="battle-history">[The opposing Tomohawk's Intimidate]<br></div><div class="battle-history"><small>Qi-Gon Djinn's Attack fell!</small><br></div><div class="spacer battle-history"><br></div><div class="battle-history"><small>The opposing Tomohawk restored a little HP using its Leftovers!</small><br></div><div class="spacer battle-history"><br></div><h2 class="battle-history">Turn 13</h2><div class="spacer battle-history"><br></div><div class="battle-history">Qi-Gon Djinn used <strong>Rapid Spin</strong>!<br></div><div class="battle-history"><small>(The opposing Tomohawk lost 8% of its health!)</small><br></div><div class="battle-history"><small>Qi-Gon Djinn's Speed rose!</small><br></div><div class="battle-history"><small>The pointed stones disappeared from around your team!</small><br></div><div class="spacer battle-history"><br></div><div class="battle-history">The opposing Tomohawk used <strong>Hurricane</strong>!<br></div><div class="battle-history"><small>Qi-Gon Djinn avoided the attack!</small><br></div><div class="spacer battle-history"><br></div><div class="battle-history"><small>The opposing Tomohawk restored a little HP using its Leftovers!</small><br></div><div class="spacer battle-history"><br></div><h2 class="battle-history">Turn 14</h2><div class="spacer battle-history"><br></div><div class="battle-history">Qi-Gon Djinn, come back!<br></div><div class="battle-history">Go! Dee 'N Ayy (<strong>Mew</strong>)!<br></div><div class="spacer battle-history"><br></div><div class="battle-history">The opposing Tomohawk used <strong>Hurricane</strong>!<br></div><div class="battle-history"><small>(Dee 'N Ayy lost <abbr title="−153/404">37.9%</abbr> of its health!)</small><br></div><div class="spacer battle-history"><br></div><div class="battle-history"><small>The opposing Tomohawk restored a little HP using its Leftovers!</small><br></div><div class="spacer battle-history"><br></div><h2 class="battle-history">Turn 15</h2><div class="spacer battle-history"><br></div><div class="battle-history">mxmts withdrew Tomohawk!<br></div><div class="battle-history">mxmts sent out <strong>Corviknight</strong>!<br></div><div class="battle-history"><small>Pointed stones dug into the opposing Corviknight!</small><br></div><div class="battle-history">[The opposing Corviknight's Pressure]<br><small>The opposing Corviknight is exerting its pressure!</small><br></div><div class="spacer battle-history"><br></div><div class="battle-history">Dee 'N Ayy used <strong>Psychic</strong>!<br></div><div class="battle-history"><small>It's not very effective...</small><br></div><div class="battle-history"><small>(The opposing Corviknight lost 11% of its health!)</small><br></div><div class="spacer battle-history"><br></div><div class="battle-history"><small>The opposing Corviknight restored a little HP using its Leftovers!</small><br></div><div class="spacer battle-history"><br></div><h2 class="battle-history">Turn 16</h2><div class="spacer battle-history"><br></div><div class="battle-history">Dee 'N Ayy, come back!<br></div><div class="battle-history">Go! Qi-Gon Djinn (<strong>cap27</strong>)!<br></div><div class="spacer battle-history"><br></div><div class="battle-history">The opposing Corviknight is fast asleep.<br></div><div class="spacer battle-history"><br></div><div class="battle-history"><small>The opposing Corviknight restored a little HP using its Leftovers!</small><br></div><div class="spacer battle-history"><br></div><h2 class="battle-history">Turn 17</h2><div class="spacer battle-history"><br></div><div class="battle-history">mxmts withdrew Corviknight!<br></div><div class="battle-history">mxmts sent out <strong>Tomohawk</strong>!<br></div><div class="battle-history"><small>Pointed stones dug into the opposing Tomohawk!</small><br></div><div class="battle-history">[The opposing Tomohawk's Intimidate]<br></div><div class="battle-history"><small>Qi-Gon Djinn's Attack fell!</small><br></div><div class="spacer battle-history"><br></div><div class="battle-history">Qi-Gon Djinn used <strong>Fire Lash</strong>!<br></div><div class="battle-history"><small>(The opposing Tomohawk lost 19% of its health!)</small><br></div><div class="battle-history"><small>The opposing Tomohawk's Defense fell!</small><br></div><div class="spacer battle-history"><br></div><div class="battle-history"><small>The opposing Tomohawk restored a little HP using its Leftovers!</small><br></div><div class="spacer battle-history"><br></div><h2 class="battle-history">Turn 18</h2><div class="spacer battle-history"><br></div><div class="battle-history">mxmts withdrew Tomohawk!<br></div><div class="battle-history">mxmts sent out <strong>Clefable</strong>!<br></div><div class="spacer battle-history"><br></div><div class="battle-history">Qi-Gon Djinn used <strong>Fire Lash</strong>!<br></div><div class="battle-history"><small>(The opposing Clefable lost 27% of its health!)</small><br></div><div class="battle-history"><small>The opposing Clefable's Defense fell!</small><br></div><div class="spacer battle-history"><br></div><div class="battle-history"><small>The opposing Clefable restored a little HP using its Leftovers!</small><br></div><div class="spacer battle-history"><br></div><h2 class="battle-history">Turn 19</h2><div class="spacer battle-history"><br></div><div class="battle-history">The opposing Clefable used <strong>Protect</strong>!<br></div><div class="battle-history"><small>The opposing Clefable protected itself!</small><br></div><div class="spacer battle-history"><br></div><div class="battle-history">Qi-Gon Djinn used <strong>Flare Blitz</strong>!<br></div><div class="battle-history"><small>The opposing Clefable protected itself!</small><br></div><div class="spacer battle-history"><br></div><div class="battle-history"><small>The opposing Clefable restored a little HP using its Leftovers!</small><br></div><div class="spacer battle-history"><br></div><h2 class="battle-history">Turn 20</h2><div class="spacer battle-history"><br></div><div class="battle-history">mxmts withdrew Clefable!<br></div><div class="battle-history">mxmts sent out <strong>Tomohawk</strong>!<br></div><div class="battle-history"><small>Pointed stones dug into the opposing Tomohawk!</small><br></div><div class="battle-history">[The opposing Tomohawk's Intimidate]<br></div><div class="battle-history"><small>Qi-Gon Djinn's Attack fell!</small><br></div><div class="spacer battle-history"><br></div><div class="battle-history">Qi-Gon Djinn used <strong>Flare Blitz</strong>!<br></div><div class="battle-history"><small>(The opposing Tomohawk lost 23% of its health!)</small><br></div><div class="battle-history"><small>Qi-Gon Djinn was damaged by the recoil!</small><br></div><div class="spacer battle-history"><br></div><div class="battle-history"><small>The opposing Tomohawk restored a little HP using its Leftovers!</small><br></div><div class="spacer battle-history"><br></div><h2 class="battle-history">Turn 21</h2><div class="spacer battle-history"><br></div><div class="battle-history">Qi-Gon Djinn, come back!<br></div><div class="battle-history">Go! Dee 'N Ayy (<strong>Mew</strong>)!<br></div><div class="spacer battle-history"><br></div><div class="battle-history">The opposing Tomohawk used <strong>Roost</strong>!<br></div><div class="battle-history"><small>The opposing Tomohawk had its HP restored.</small><br></div><div class="battle-history"><small>(The opposing Tomohawk loses Flying type this turn.)</small><br></div><div class="spacer battle-history"><br></div><div class="battle-history"><small>The opposing Tomohawk restored a little HP using its Leftovers!</small><br></div><div class="spacer battle-history"><br></div><h2 class="battle-history">Turn 22</h2><div class="spacer battle-history"><br></div><div class="battle-history">mxmts withdrew Tomohawk!<br></div><div class="battle-history">mxmts sent out <strong>Corviknight</strong>!<br></div><div class="battle-history"><small>Pointed stones dug into the opposing Corviknight!</small><br></div><div class="battle-history">[The opposing Corviknight's Pressure]<br><small>The opposing Corviknight is exerting its pressure!</small><br></div><div class="spacer battle-history"><br></div><div class="battle-history">Dee 'N Ayy used <strong>Psychic</strong>!<br></div><div class="battle-history"><small>It's not very effective...</small><br></div><div class="battle-history"><small>(The opposing Corviknight lost 10% of its health!)</small><br></div><div class="spacer battle-history"><br></div><div class="battle-history"><small>The opposing Corviknight restored a little HP using its Leftovers!</small><br></div><div class="spacer battle-history"><br></div><h2 class="battle-history">Turn 23</h2><div class="spacer battle-history"><br></div><div class="battle-history">Dee 'N Ayy used <strong>Flamethrower</strong>!<br></div><div class="battle-history"><small>It's super effective!</small><br></div><div class="battle-history"><small>(The opposing Corviknight lost 28% of its health!)</small><br></div><div class="spacer battle-history"><br></div><div class="battle-history">The opposing Corviknight is fast asleep.<br></div><div class="spacer battle-history"><br></div><div class="battle-history"><small>The opposing Corviknight restored a little HP using its Leftovers!</small><br></div><div class="spacer battle-history"><br></div><h2 class="battle-history">Turn 24</h2><div class="spacer battle-history"><br></div><div class="battle-history">Dee 'N Ayy, come back!<br></div><div class="battle-history">Go! Qi-Gon Djinn (<strong>cap27</strong>)!<br></div><div class="battle-history"><small>The opposing Corviknight woke up!</small><br></div><div class="spacer battle-history"><br></div><div class="battle-history">The opposing Corviknight used <strong>Roost</strong>!<br></div><div class="battle-history"><small>The opposing Corviknight had its HP restored.</small><br></div><div class="battle-history"><small>(The opposing Corviknight loses Flying type this turn.)</small><br></div><div class="spacer battle-history"><br></div><h2 class="battle-history">Turn 25</h2><div class="spacer battle-history"><br></div><div class="battle-history">mxmts withdrew Corviknight!<br></div><div class="battle-history">mxmts sent out <strong>Tomohawk</strong>!<br></div><div class="battle-history"><small>Pointed stones dug into the opposing Tomohawk!</small><br></div><div class="battle-history">[The opposing Tomohawk's Intimidate]<br></div><div class="battle-history"><small>Qi-Gon Djinn's Attack fell!</small><br></div><div class="spacer battle-history"><br></div><div class="battle-history">Qi-Gon Djinn used <strong>Fire Lash</strong>!<br></div><div class="battle-history"><small>(The opposing Tomohawk lost 21% of its health!)</small><br></div><div class="battle-history"><small>The opposing Tomohawk's Defense fell!</small><br></div><div class="spacer battle-history"><br></div><div class="battle-history"><small>The opposing Tomohawk restored a little HP using its Leftovers!</small><br></div><div class="spacer battle-history"><br></div><h2 class="battle-history">Turn 26</h2><div class="spacer battle-history"><br></div><div class="battle-history">Qi-Gon Djinn used <strong>Fire Lash</strong>!<br></div><div class="battle-history"><small>(The opposing Tomohawk lost 27% of its health!)</small><br></div><div class="battle-history"><small>The opposing Tomohawk's Defense fell!</small><br></div><div class="spacer battle-history"><br></div><div class="battle-history">The opposing Tomohawk used <strong>Stealth Rock</strong>!<br></div><div class="battle-history"><small>Pointed stones float in the air around your team!</small><br></div><div class="spacer battle-history"><br></div><div class="battle-history"><small>The opposing Tomohawk restored a little HP using its Leftovers!</small><br></div><div class="spacer battle-history"><br></div><h2 class="battle-history">Turn 27</h2><div class="spacer battle-history"><br></div><div class="battle-history">mxmts withdrew Tomohawk!<br></div><div class="battle-history">mxmts sent out <strong>Clefable</strong>!<br></div><div class="spacer battle-history"><br></div><div class="battle-history">Qi-Gon Djinn used <strong>Flare Blitz</strong>!<br></div><div class="battle-history"><small>(The opposing Clefable lost 44% of its health!)</small><br></div><div class="battle-history"><small>The opposing Clefable was burned!</small><br></div><div class="battle-history"><small>Qi-Gon Djinn was damaged by the recoil!</small><br></div><div class="spacer battle-history"><br></div><div class="battle-history"><small>The opposing Clefable restored a little HP using its Leftovers!</small><br></div><div class="spacer battle-history"><br></div><h2 class="battle-history">Turn 28</h2><div class="spacer battle-history"><br></div><div class="battle-history">Qi-Gon Djinn, come back!<br></div><div class="battle-history">Go! Brute Root (<strong>Venusaur</strong>)!<br></div><div class="battle-history"><small>Pointed stones dug into Brute Root!</small><br></div><div class="spacer battle-history"><br></div><div class="battle-history">The opposing Clefable used <strong>Protect</strong>!<br></div><div class="battle-history"><small>But it failed!</small><br></div><div class="spacer battle-history"><br></div><div class="battle-history"><small>The opposing Clefable restored a little HP using its Leftovers!</small><br></div><div class="spacer battle-history"><br></div><h2 class="battle-history">Turn 29</h2><div class="spacer battle-history"><br></div><div class="battle-history">mxmts withdrew Clefable!<br></div><div class="battle-history">mxmts sent out <strong>Jumbao</strong>!<br></div><div class="battle-history"><small>Pointed stones dug into the opposing Jumbao!</small><br></div><div class="battle-history">[The opposing Jumbao's Trace]<br>[The opposing Jumbao's Overgrow]<br><small>The opposing Jumbao traced Brute Root's Overgrow!</small><br></div><div class="spacer battle-history"><br></div><div class="battle-history">Brute Root used <strong>Sludge Bomb</strong>!<br></div><div class="battle-history"><small>It's super effective!</small><br></div><div class="battle-history"><small>(The opposing Jumbao lost 88% of its health!)</small><br></div><div class="spacer battle-history"><br></div><div class="battle-history">The opposing Jumbao fainted!<br></div><div class="spacer battle-history"><br></div><div class="battle-history">mxmts sent out <strong>cap27</strong>!<br></div><div class="battle-history"><small>Pointed stones dug into the opposing cap27!</small><br></div><div class="spacer battle-history"><br></div><h2 class="battle-history">Turn 30</h2><div class="spacer battle-history"><br></div><div class="battle-history">Brute Root, come back!<br></div><div class="battle-history">Go! Jungle Fever (<strong>Pyroak</strong>)!<br></div><div class="battle-history"><small>Pointed stones dug into Jungle Fever!</small><br></div><div class="spacer battle-history"><br></div><div class="battle-history">The opposing cap27 used <strong>Flare Blitz</strong>!<br></div><div class="battle-history"><small>(Jungle Fever lost <abbr title="−177/442">40.0%</abbr> of its health!)</small><br></div><div class="battle-history"><small>The opposing cap27 was damaged by the recoil!</small><br></div><div class="battle-history"><small>The opposing cap27 lost some of its HP!</small><br></div><div class="spacer battle-history"><br></div><div class="battle-history">The opposing cap27 fainted!<br></div><div class="spacer battle-history"><br></div><div class="battle-history"><small>Jungle Fever restored a little HP using its Leftovers!</small><br></div><div class="spacer battle-history"><br></div><div class="battle-history">mxmts sent out <strong>Zeraora</strong>!<br></div><div class="battle-history"><small>Pointed stones dug into the opposing Zeraora!</small><br></div><div class="spacer battle-history"><br></div><h2 class="battle-history">Turn 31</h2><div class="spacer battle-history"><br></div><div class="battle-history">The opposing Zeraora used <strong>Knock Off</strong>!<br></div><div class="battle-history"><small>(Jungle Fever lost <abbr title="−102/442">23.1%</abbr> of its health!)</small><br></div><div class="battle-history"><small>The opposing Zeraora knocked off Jungle Fever's Leftovers!</small><br></div><div class="battle-history"><small>The opposing Zeraora lost some of its HP!</small><br></div><div class="spacer battle-history"><br></div><div class="battle-history">Jungle Fever fainted!<br></div><div class="spacer battle-history"><br></div><div class="battle-history">Go! Qi-Gon Djinn (<strong>cap27</strong>)!<br></div><div class="spacer battle-history"><br></div><h2 class="battle-history">Turn 32</h2><div class="spacer battle-history"><br></div><div class="battle-history">The opposing Zeraora used <strong>Knock Off</strong>!<br></div><div class="battle-history"><small>(Qi-Gon Djinn lost <abbr title="−177/357">49.6%</abbr> of its health!)</small><br></div><div class="battle-history"><small>The opposing Zeraora knocked off Qi-Gon Djinn's Heavy-Duty Boots!</small><br></div><div class="battle-history"><small>The opposing Zeraora lost some of its HP!</small><br></div><div class="spacer battle-history"><br></div><div class="battle-history">Qi-Gon Djinn used <strong>Rapid Spin</strong>!<br></div><div class="battle-history"><small>(The opposing Zeraora lost 20% of its health!)</small><br></div><div class="battle-history"><small>Qi-Gon Djinn's Speed rose!</small><br></div><div class="battle-history"><small>The pointed stones disappeared from around your team!</small><br></div><div class="spacer battle-history"><br></div><h2 class="battle-history">Turn 33</h2><div class="chat"><small> pip7 joined.</small></div><div class="spacer battle-history"><br></div><div class="battle-history">mxmts withdrew Zeraora!<br></div><div class="battle-history">mxmts sent out <strong>Tomohawk</strong>!<br></div><div class="battle-history"><small>Pointed stones dug into the opposing Tomohawk!</small><br></div><div class="battle-history">[The opposing Tomohawk's Intimidate]<br></div><div class="battle-history"><small>Qi-Gon Djinn's Attack fell!</small><br></div><div class="spacer battle-history"><br></div><div class="battle-history">Qi-Gon Djinn used <strong>Fire Lash</strong>!<br></div><div class="battle-history"><small>(The opposing Tomohawk lost 21% of its health!)</small><br></div><div class="battle-history"><small>The opposing Tomohawk's Defense fell!</small><br></div><div class="spacer battle-history"><br></div><div class="battle-history"><small>The opposing Tomohawk restored a little HP using its Leftovers!</small><br></div><div class="spacer battle-history"><br></div><h2 class="battle-history">Turn 34</h2><div class="spacer battle-history"><br></div><div class="battle-history">mxmts withdrew Tomohawk!<br></div><div class="battle-history">mxmts sent out <strong>Clefable</strong>!<br></div><div class="spacer battle-history"><br></div><div class="battle-history">Qi-Gon Djinn used <strong>Fire Lash</strong>!<br></div><div class="battle-history"><small>(The opposing Clefable lost 27% of its health!)</small><br></div><div class="battle-history"><small>The opposing Clefable's Defense fell!</small><br></div><div class="spacer battle-history"><br></div><div class="battle-history"><small>The opposing Clefable restored a little HP using its Leftovers!</small><br></div><div class="spacer battle-history"><br></div><h2 class="battle-history">Turn 35</h2><div class="spacer battle-history"><br></div><div class="battle-history">The opposing Clefable used <strong>Protect</strong>!<br></div><div class="battle-history"><small>The opposing Clefable protected itself!</small><br></div><div class="spacer battle-history"><br></div><div class="battle-history">Qi-Gon Djinn used <strong>Flare Blitz</strong>!<br></div><div class="battle-history"><small>The opposing Clefable protected itself!</small><br></div><div class="spacer battle-history"><br></div><div class="battle-history"><small>The opposing Clefable restored a little HP using its Leftovers!</small><br></div><div class="spacer battle-history"><br></div><h2 class="battle-history">Turn 36</h2><div class="spacer battle-history"><br></div><div class="battle-history">Qi-Gon Djinn used <strong>Flare Blitz</strong>!<br></div><div class="battle-history"><small>(The opposing Clefable lost 38% of its health!)</small><br></div><div class="battle-history"><small>Qi-Gon Djinn was damaged by the recoil!</small><br></div><div class="spacer battle-history"><br></div><div class="battle-history">The opposing Clefable fainted!<br></div><div class="spacer battle-history"><br></div><div class="battle-history">mxmts sent out <strong>Tomohawk</strong>!<br></div><div class="battle-history"><small>Pointed stones dug into the opposing Tomohawk!</small><br></div><div class="battle-history">[The opposing Tomohawk's Intimidate]<br></div><div class="battle-history"><small>Qi-Gon Djinn's Attack fell!</small><br></div><div class="spacer battle-history"><br></div><h2 class="battle-history">Turn 37</h2><div class="spacer battle-history"><br></div><div class="battle-history">Qi-Gon Djinn used <strong>Flare Blitz</strong>!<br></div><div class="battle-history"><small>(The opposing Tomohawk lost 11% of its health!)</small><br></div><div class="battle-history"><small>Qi-Gon Djinn was damaged by the recoil!</small><br></div><div class="spacer battle-history"><br></div><div class="battle-history">The opposing Tomohawk fainted!<br></div><div class="spacer battle-history"><br></div><div class="battle-history">mxmts sent out <strong>Zeraora</strong>!<br></div><div class="battle-history"><small>Pointed stones dug into the opposing Zeraora!</small><br></div><div class="spacer battle-history"><br></div><h2 class="battle-history">Turn 38</h2><div class="spacer battle-history"><br></div><div class="battle-history">Qi-Gon Djinn used <strong>Fire Lash</strong>!<br></div><div class="battle-history"><small>(The opposing Zeraora lost 23% of its health!)</small><br></div><div class="battle-history"><small>The opposing Zeraora's Defense fell!</small><br></div><div class="spacer battle-history"><br></div><div class="battle-history">The opposing Zeraora used <strong>Knock Off</strong>!<br></div><div class="battle-history"><small>(Qi-Gon Djinn lost <abbr title="−110/357">30.8%</abbr> of its health!)</small><br></div><div class="battle-history"><small>The opposing Zeraora lost some of its HP!</small><br></div><div class="spacer battle-history"><br></div><div class="battle-history">The opposing Zeraora fainted!<br></div><div class="chat chatmessage-mxmts"><strong style="color:#757dcc"><small>☆</small><span class="username" data-name="mxmts">mxmts</span>:</strong> <em>gg</em></div><div class="spacer battle-history"><br></div><div class="battle-history">mxmts sent out <strong>Corviknight</strong>!<br></div><div class="battle-history"><small>Pointed stones dug into the opposing Corviknight!</small><br></div><div class="battle-history">[The opposing Corviknight's Pressure]<br><small>The opposing Corviknight is exerting its pressure!</small><br></div><div class="spacer battle-history"><br></div><h2 class="battle-history">Turn 39</h2><div class="chat chatmessage-deckknight mine"><strong style="color:#3e73d0"><small>☆</small><span class="username" data-name="Deck Knight">Deck Knight</span>:</strong> <em>gg</em></div><div class="spacer battle-history"><br></div><div class="battle-history">Qi-Gon Djinn used <strong>Flare Blitz</strong>!<br></div><div class="battle-history"><small>It's super effective!</small><br></div><div class="battle-history"><small>(The opposing Corviknight lost 42% of its health!)</small><br></div><div class="battle-history"><small>Qi-Gon Djinn was damaged by the recoil!</small><br></div><div class="spacer battle-history"><br></div><div class="battle-history">Qi-Gon Djinn fainted!<br></div><div class="battle-history">The opposing Corviknight used <strong>Iron Head</strong>!<br></div><div class="battle-history"><small>But it failed!</small><br></div><div class="spacer battle-history"><br></div><div class="battle-history"><small>The opposing Corviknight restored a little HP using its Leftovers!</small><br></div><div class="spacer battle-history"><br></div><div class="battle-history">Go! Dunclosaur (<strong>Dracovish</strong>)!<br></div><div class="spacer battle-history"><br></div><h2 class="battle-history">Turn 40</h2><div class="spacer battle-history"><br></div><div class="battle-history">Dunclosaur used <strong>Fishious Rend</strong>!<br></div><div class="battle-history"><small>(The opposing Corviknight lost 52% of its health!)</small><br></div><div class="spacer battle-history"><br></div><div class="battle-history">The opposing Corviknight fainted!<br></div><div class="spacer battle-history"><br></div><div class="battle-history"><strong>Deck Knight</strong> won the battle!<br></div><div class="chat"><small>☆mxmts left.</small></div><div class="chat"><small> Aetherl left.</small></div></div><div class="inner-preempt message-log"></div></div></div>
</div>
<script>
let daily = Math.floor(Date.now()/1000/60/60/24);document.write('<script src="https://play.pokemonshowdown.com/js/replay-embed.js?version'+daily+'"></'+'script>');
</script>
